

	<marc:record>
		<marc:leader>00000ndd a2200000 u 4500</marc:leader>
		<marc:controlfield tag="001">1001070152</marc:controlfield>
		<marc:controlfield tag="003">DE-633</marc:controlfield>
		<marc:datafield tag="031" ind1=" " ind2=" ">
			<marc:subfield code="a">1</marc:subfield>
			<marc:subfield code="b">1</marc:subfield>
			<marc:subfield code="c">1</marc:subfield>
			<marc:subfield code="g">F-3</marc:subfield>
			<marc:subfield code="m">T</marc:subfield>
			<marc:subfield code="n">bB</marc:subfield>
			<marc:subfield code="o">2/4</marc:subfield>
			<marc:subfield code="p">4,FF/GG/2A/G/4BA/GF/4.G8G/2A/</marc:subfield>
			<marc:subfield code="r">d</marc:subfield>
			<marc:subfield code="t">Requiem, aeternam dona eis Domine</marc:subfield>
			<marc:subfield code="2">pe</marc:subfield>
		</marc:datafield>
		<marc:datafield tag="031" ind1=" " ind2=" ">
			<marc:subfield code="a">1</marc:subfield>
			<marc:subfield code="b">2</marc:subfield>
			<marc:subfield code="c">1</marc:subfield>
			<marc:subfield code="g">F-3</marc:subfield>
			<marc:subfield code="m">T</marc:subfield>
			<marc:subfield code="n">bB</marc:subfield>
			<marc:subfield code="o">2/4</marc:subfield>
			<marc:subfield code="p">4,FF/F-/8{AGAB}/4A-/B8{AG}/4A8{BA}/4G8{AG}/</marc:subfield>
			<marc:subfield code="r">d</marc:subfield>
			<marc:subfield code="t">Kyrie eleison, Christe eleison</marc:subfield>
			<marc:subfield code="2">pe</marc:subfield>
		</marc:datafield>
		<marc:datafield tag="031" ind1=" " ind2=" ">
			<marc:subfield code="a">1</marc:subfield>
			<marc:subfield code="b">3</marc:subfield>
			<marc:subfield code="c">1</marc:subfield>
			<marc:subfield code="g">F-3</marc:subfield>
			<marc:subfield code="m">T</marc:subfield>
			<marc:subfield code="n">bB</marc:subfield>
			<marc:subfield code="o">2/4</marc:subfield>
			<marc:subfield code="p">4,FF/GA/8{BA}{GA}/4BA/2G/{8EF}{EF}/{GA}{GA}/</marc:subfield>
			<marc:subfield code="r">d</marc:subfield>
			<marc:subfield code="t">Dies irae, dies illa solvet saeclum in favilla</marc:subfield>
			<marc:subfield code="2">pe</marc:subfield>
		</marc:datafield>
		<marc:datafield tag="031" ind1=" " ind2=" ">
			<marc:subfield code="a">1</marc:subfield>
			<marc:subfield code="b">4</marc:subfield>
			<marc:subfield code="c">1</marc:subfield>
			<marc:subfield code="g">F-3</marc:subfield>
			<marc:subfield code="m">T</marc:subfield>
			<marc:subfield code="n">bB</marc:subfield>
			<marc:subfield code="o">2/4</marc:subfield>
			<marc:subfield code="p">4,F8FF/{GA}{GA}/4BA/GG/8{GABA}/4.G8G/4A-/</marc:subfield>
			<marc:subfield code="r">d</marc:subfield>
			<marc:subfield code="t">Domine Jesu Christe, rex gloriae</marc:subfield>
			<marc:subfield code="2">pe</marc:subfield>
		</marc:datafield>
		<marc:datafield tag="031" ind1=" " ind2=" ">
			<marc:subfield code="a">1</marc:subfield>
			<marc:subfield code="b">5</marc:subfield>
			<marc:subfield code="c">1</marc:subfield>
			<marc:subfield code="g">F-3</marc:subfield>
			<marc:subfield code="m">T</marc:subfield>
			<marc:subfield code="n">bB</marc:subfield>
			<marc:subfield code="o">2/4</marc:subfield>
			<marc:subfield code="p">4,FG/{8AFGA}/{GEFG}/4FE/FG/A-//</marc:subfield>
			<marc:subfield code="r">d</marc:subfield>
			<marc:subfield code="t">Sanctus, Dominus Deus Sabaoth</marc:subfield>
			<marc:subfield code="2">pe</marc:subfield>
		</marc:datafield>
		<marc:datafield tag="031" ind1=" " ind2=" ">
			<marc:subfield code="a">1</marc:subfield>
			<marc:subfield code="b">6</marc:subfield>
			<marc:subfield code="c">1</marc:subfield>
			<marc:subfield code="g">F-3</marc:subfield>
			<marc:subfield code="m">T</marc:subfield>
			<marc:subfield code="n">bB</marc:subfield>
			<marc:subfield code="o">2/4</marc:subfield>
			<marc:subfield code="p">4,FF/G{8FG}/4A{8GF}/4G-/{8GAGA}/{GAGF}/4E-/</marc:subfield>
			<marc:subfield code="r">d</marc:subfield>
			<marc:subfield code="t">Agnus Dei, qui tollis peccata mundi miserere nobis</marc:subfield>
			<marc:subfield code="2">pe</marc:subfield>
		</marc:datafield>
		<marc:datafield tag="031" ind1=" " ind2=" ">
			<marc:subfield code="a">1</marc:subfield>
			<marc:subfield code="b">7</marc:subfield>
			<marc:subfield code="c">1</marc:subfield>
			<marc:subfield code="g">F-3</marc:subfield>
			<marc:subfield code="m">T</marc:subfield>
			<marc:subfield code="n">bB</marc:subfield>
			<marc:subfield code="o">2/4</marc:subfield>
			<marc:subfield code="p">4,FF/FF/4.G8G/4A-/{8ABAB}/4G8AG/{FEFG}/</marc:subfield>
			<marc:subfield code="r">d</marc:subfield>
			<marc:subfield code="t">Libera me, Domine de morte aeterna</marc:subfield>
			<marc:subfield code="2">pe</marc:subfield>
		</marc:datafield>
		<marc:datafield tag="031" ind1=" " ind2=" ">
			<marc:subfield code="a">1</marc:subfield>
			<marc:subfield code="b">8</marc:subfield>
			<marc:subfield code="c">1</marc:subfield>
			<marc:subfield code="g">F-3</marc:subfield>
			<marc:subfield code="m">T</marc:subfield>
			<marc:subfield code="n">bB</marc:subfield>
			<marc:subfield code="o">2/4</marc:subfield>
			<marc:subfield code="p">2,F/4AF/{8GFGA}/4GG/{8BA}{GF}/4EF/4.G8G/</marc:subfield>
			<marc:subfield code="r">d</marc:subfield>
			<marc:subfield code="t">Salve regina, mater misericordiae</marc:subfield>
			<marc:subfield code="2">pe</marc:subfield>
		</marc:datafield>
		<marc:datafield tag="040" ind1=" " ind2=" ">
			<marc:subfield code="a">DE-633</marc:subfield>
			<marc:subfield code="b">eng</marc:subfield>
		</marc:datafield>
		<marc:datafield tag="041" ind1="0" ind2=" ">
			<marc:subfield code="a">lat</marc:subfield>
		</marc:datafield>
		<marc:datafield tag="100" ind1="1" ind2=" ">
			<marc:subfield code="a">Anonymus</marc:subfield>
			<marc:subfield code="0">30004985</marc:subfield>
		</marc:datafield>
		<marc:datafield tag="240" ind1="1" ind2="0">
			<marc:subfield code="a">Requiem</marc:subfield>
			<marc:subfield code="r">d</marc:subfield>
			<marc:subfield code="0">3022363</marc:subfield>
		</marc:datafield>
		<marc:datafield tag="245" ind1="1" ind2="0">
			<marc:subfield code="a">[caption title:] MISSA DE REQVIEM NRO XIII | Ex D mol [D Minor] ad F dur [F Major] &amp; C dur. [C Major]</marc:subfield>
		</marc:datafield>
		<marc:datafield tag="300" ind1=" " ind2=" ">
			<marc:subfield code="a">1 part</marc:subfield>
			<marc:subfield code="8">01</marc:subfield>
		</marc:datafield>
		<marc:datafield tag="500" ind1=" " ind2=" ">
			<marc:subfield code="a">other parts missing</marc:subfield>
			<marc:subfield code="8">01</marc:subfield>
		</marc:datafield>
		<marc:datafield tag="500" ind1=" " ind2=" ">
			<marc:subfield code="a">Pseudo-mensural notation.</marc:subfield>
			<marc:subfield code="8">01</marc:subfield>
		</marc:datafield>
		<marc:datafield tag="500" ind1=" " ind2=" ">
			<marc:subfield code="a">Incipits adapted to modern notation.</marc:subfield>
		</marc:datafield>
		<marc:datafield tag="590" ind1=" " ind2=" ">
			<marc:subfield code="a">T</marc:subfield>
			<marc:subfield code="b">p. 140-150</marc:subfield>
			<marc:subfield code="8">01</marc:subfield>
		</marc:datafield>
		<marc:datafield tag="593" ind1=" " ind2=" ">
			<marc:subfield code="a">Manuscript copy</marc:subfield>
			<marc:subfield code="b">Notated music</marc:subfield>
			<marc:subfield code="8">01</marc:subfield>
		</marc:datafield>
		<marc:datafield tag="594" ind1=" " ind2=" ">
			<marc:subfield code="b">no indication</marc:subfield>
		</marc:datafield>
		<marc:datafield tag="594" ind1=" " ind2=" ">
			<marc:subfield code="a">no indication</marc:subfield>
		</marc:datafield>
		<marc:datafield tag="599" ind1=" " ind2=" ">
			<marc:subfield code="b">full</marc:subfield>
		</marc:datafield>
		<marc:datafield tag="650" ind1="0" ind2="7">
			<marc:subfield code="a">Requiems</marc:subfield>
			<marc:subfield code="0">25134</marc:subfield>
		</marc:datafield>
		<marc:datafield tag="773" ind1="1" ind2="8">
			<marc:subfield code="a"> - 11 Masses, 3 Requiems and Passion</marc:subfield>
			<marc:subfield code="w">1001070130</marc:subfield>
		</marc:datafield>
		<marc:datafield tag="852" ind1=" " ind2=" ">
			<marc:subfield code="a">PL-SA</marc:subfield>
			<marc:subfield code="c">49/A I 49</marc:subfield>
			<marc:subfield code="e">Biblioteka Diecezjalna w Sandomierzu</marc:subfield>
			<marc:subfield code="x">30003584</marc:subfield>
		</marc:datafield>
		<marc:datafield tag="980" ind1=" " ind2=" ">
			<marc:subfield code="a">RISM</marc:subfield>
			<marc:subfield code="c">examined</marc:subfield>
		</marc:datafield>
	</marc:record>