

	<marc:record>
		<marc:leader>00000ndd a2200000 u 4500</marc:leader>
		<marc:controlfield tag="001">1001035615</marc:controlfield>
		<marc:controlfield tag="003">DE-633</marc:controlfield>
		<marc:datafield tag="031" ind1=" " ind2=" ">
			<marc:subfield code="a">1</marc:subfield>
			<marc:subfield code="b">1</marc:subfield>
			<marc:subfield code="c">1</marc:subfield>
			<marc:subfield code="g">C-1</marc:subfield>
			<marc:subfield code="m">S</marc:subfield>
			<marc:subfield code="o">c/</marc:subfield>
			<marc:subfield code="p">2&#39;&#39;C&#39;C/8{EC}2.G/2.&#39;&#39;C4&#39;G/2.A4E/FEDC/2GB/</marc:subfield>
			<marc:subfield code="q">+</marc:subfield>
			<marc:subfield code="r">C</marc:subfield>
			<marc:subfield code="t">Kyrie, eleison Christe eleison Kyrie eleison</marc:subfield>
			<marc:subfield code="2">pe</marc:subfield>
		</marc:datafield>
		<marc:datafield tag="031" ind1=" " ind2=" ">
			<marc:subfield code="a">1</marc:subfield>
			<marc:subfield code="b">2</marc:subfield>
			<marc:subfield code="c">1</marc:subfield>
			<marc:subfield code="g">C-1</marc:subfield>
			<marc:subfield code="m">S</marc:subfield>
			<marc:subfield code="o">c/</marc:subfield>
			<marc:subfield code="p">2&#39;C4CD/EDEC/2G4GA/BABG/2&#39;&#39;C&#39;A/</marc:subfield>
			<marc:subfield code="r">C</marc:subfield>
			<marc:subfield code="t">Gratias agimus, tibi propter magnam gloriam tuam</marc:subfield>
			<marc:subfield code="2">pe</marc:subfield>
		</marc:datafield>
		<marc:datafield tag="031" ind1=" " ind2=" ">
			<marc:subfield code="a">1</marc:subfield>
			<marc:subfield code="b">3</marc:subfield>
			<marc:subfield code="c">1</marc:subfield>
			<marc:subfield code="g">C-1</marc:subfield>
			<marc:subfield code="m">S</marc:subfield>
			<marc:subfield code="o">c/</marc:subfield>
			<marc:subfield code="p">2&#39;C4DE/FGAB/1&#39;&#39;C/2C4&#39;BA/2G4FE/</marc:subfield>
			<marc:subfield code="r">C</marc:subfield>
			<marc:subfield code="t">Patrem omnipotentem, factorem caeli et terrae</marc:subfield>
			<marc:subfield code="2">pe</marc:subfield>
		</marc:datafield>
		<marc:datafield tag="031" ind1=" " ind2=" ">
			<marc:subfield code="a">1</marc:subfield>
			<marc:subfield code="b">4</marc:subfield>
			<marc:subfield code="c">1</marc:subfield>
			<marc:subfield code="g">C-1</marc:subfield>
			<marc:subfield code="m">S</marc:subfield>
			<marc:subfield code="o">c/</marc:subfield>
			<marc:subfield code="p">4&#39;&#39;C&#39;B&#39;&#39;C&#39;G/EFGE/CDEC/GABG/2&#39;&#39;C&#39;A/</marc:subfield>
			<marc:subfield code="r">C</marc:subfield>
			<marc:subfield code="t">Sanctus, Dominus Deus Sabaoth</marc:subfield>
			<marc:subfield code="2">pe</marc:subfield>
		</marc:datafield>
		<marc:datafield tag="031" ind1=" " ind2=" ">
			<marc:subfield code="a">1</marc:subfield>
			<marc:subfield code="b">5</marc:subfield>
			<marc:subfield code="c">1</marc:subfield>
			<marc:subfield code="g">C-1</marc:subfield>
			<marc:subfield code="m">S</marc:subfield>
			<marc:subfield code="o">c/</marc:subfield>
			<marc:subfield code="p">1&#39;G/2A4AG/2F4FE/FDGF/1E/4EDEF/</marc:subfield>
			<marc:subfield code="r">c</marc:subfield>
			<marc:subfield code="t">Agnus Dei, qui tollis peccata mundi miserere nobis</marc:subfield>
			<marc:subfield code="2">pe</marc:subfield>
		</marc:datafield>
		<marc:datafield tag="040" ind1=" " ind2=" ">
			<marc:subfield code="a">DE-633</marc:subfield>
			<marc:subfield code="b">eng</marc:subfield>
		</marc:datafield>
		<marc:datafield tag="041" ind1="0" ind2=" ">
			<marc:subfield code="a">lat</marc:subfield>
		</marc:datafield>
		<marc:datafield tag="100" ind1="1" ind2=" ">
			<marc:subfield code="a">Anonymus</marc:subfield>
			<marc:subfield code="0">30004985</marc:subfield>
		</marc:datafield>
		<marc:datafield tag="240" ind1="1" ind2="0">
			<marc:subfield code="a">Mass</marc:subfield>
			<marc:subfield code="r">C</marc:subfield>
			<marc:subfield code="0">50274941</marc:subfield>
		</marc:datafield>
		<marc:datafield tag="245" ind1="1" ind2="0">
			<marc:subfield code="a">[without title]</marc:subfield>
		</marc:datafield>
		<marc:datafield tag="300" ind1=" " ind2=" ">
			<marc:subfield code="a">4 parts</marc:subfield>
			<marc:subfield code="8">01</marc:subfield>
		</marc:datafield>
		<marc:datafield tag="500" ind1=" " ind2=" ">
			<marc:subfield code="a">other parts presumably missing</marc:subfield>
			<marc:subfield code="8">01</marc:subfield>
		</marc:datafield>
		<marc:datafield tag="500" ind1=" " ind2=" ">
			<marc:subfield code="a">Concordances to RISM ID 1001067405 (8 copyies of S part in PL-SA 100/A II 40), 1001094776 (PL-SA L 1668) and 1001095226 (L 1682[a]; in D Major).</marc:subfield>
		</marc:datafield>
		<marc:datafield tag="500" ind1=" " ind2=" ">
			<marc:subfield code="a">Polyphonic setting based on monodic pseudoplainchant mass written in manuscript RL 53 &quot;Cantionale Missarum&quot; of the Bernardines from Cracow (stored in Biblioteka Prowincji OO. Bernardynów w Krakowie).</marc:subfield>
		</marc:datafield>
		<marc:datafield tag="590" ind1=" " ind2=" ">
			<marc:subfield code="a">S (2x), A, B</marc:subfield>
			<marc:subfield code="b">f. 1r-2r, 1r-2r, 1r-1v, 1r-1v</marc:subfield>
			<marc:subfield code="8">01</marc:subfield>
		</marc:datafield>
		<marc:datafield tag="593" ind1=" " ind2=" ">
			<marc:subfield code="a">Manuscript copy</marc:subfield>
			<marc:subfield code="b">Notated music</marc:subfield>
			<marc:subfield code="8">01</marc:subfield>
		</marc:datafield>
		<marc:datafield tag="594" ind1=" " ind2=" ">
			<marc:subfield code="b">no indication</marc:subfield>
		</marc:datafield>
		<marc:datafield tag="594" ind1=" " ind2=" ">
			<marc:subfield code="a">no indication</marc:subfield>
		</marc:datafield>
		<marc:datafield tag="599" ind1=" " ind2=" ">
			<marc:subfield code="b">full</marc:subfield>
		</marc:datafield>
		<marc:datafield tag="650" ind1="0" ind2="7">
			<marc:subfield code="a">Masses</marc:subfield>
			<marc:subfield code="0">25133</marc:subfield>
		</marc:datafield>
		<marc:datafield tag="773" ind1="1" ind2="8">
			<marc:subfield code="a"> - 3 Masses</marc:subfield>
			<marc:subfield code="w">1001219149</marc:subfield>
		</marc:datafield>
		<marc:datafield tag="787" ind1="0" ind2=" ">
			<marc:subfield code="n">Concordance: 8 copyies of S part in PL-SA 100/A II 40.</marc:subfield>
			<marc:subfield code="w">1001067405</marc:subfield>
			<marc:subfield code="4">rdau:P60191</marc:subfield>
		</marc:datafield>
		<marc:datafield tag="787" ind1="0" ind2=" ">
			<marc:subfield code="n">Concordance: PL-SA L 1668.</marc:subfield>
			<marc:subfield code="w">1001094776</marc:subfield>
			<marc:subfield code="4">rdau:P60191</marc:subfield>
		</marc:datafield>
		<marc:datafield tag="787" ind1="0" ind2=" ">
			<marc:subfield code="n">Concordance: L 1682[a] (in D Major).</marc:subfield>
			<marc:subfield code="w">1001095226</marc:subfield>
			<marc:subfield code="4">rdau:P60191</marc:subfield>
		</marc:datafield>
		<marc:datafield tag="852" ind1=" " ind2=" ">
			<marc:subfield code="a">PL-SA</marc:subfield>
			<marc:subfield code="c">170/A IV 20</marc:subfield>
			<marc:subfield code="e">Biblioteka Diecezjalna w Sandomierzu</marc:subfield>
			<marc:subfield code="x">30003584</marc:subfield>
		</marc:datafield>
		<marc:datafield tag="980" ind1=" " ind2=" ">
			<marc:subfield code="a">RISM</marc:subfield>
			<marc:subfield code="c">examined</marc:subfield>
		</marc:datafield>
	</marc:record>