

	<marc:record>
		<marc:leader>00000ndm a2200000 u 4500</marc:leader>
		<marc:controlfield tag="001">1001070684</marc:controlfield>
		<marc:controlfield tag="003">DE-633</marc:controlfield>
		<marc:datafield tag="031" ind1=" " ind2=" ">
			<marc:subfield code="a">1</marc:subfield>
			<marc:subfield code="b">1</marc:subfield>
			<marc:subfield code="c">1</marc:subfield>
			<marc:subfield code="g">C-4</marc:subfield>
			<marc:subfield code="m">S 1</marc:subfield>
			<marc:subfield code="p">4,AB&#39;DC,B&#39;ECC,BBA/&#39;CDEDFEGFEDE/</marc:subfield>
			<marc:subfield code="r">a</marc:subfield>
			<marc:subfield code="t">Dies irae, dies illa solvet saeclum in favilla</marc:subfield>
			<marc:subfield code="2">pe</marc:subfield>
		</marc:datafield>
		<marc:datafield tag="040" ind1=" " ind2=" ">
			<marc:subfield code="a">DE-633</marc:subfield>
			<marc:subfield code="b">eng</marc:subfield>
		</marc:datafield>
		<marc:datafield tag="041" ind1="0" ind2=" ">
			<marc:subfield code="a">lat</marc:subfield>
		</marc:datafield>
		<marc:datafield tag="100" ind1="1" ind2=" ">
			<marc:subfield code="a">Anonymus</marc:subfield>
			<marc:subfield code="0">30004985</marc:subfield>
		</marc:datafield>
		<marc:datafield tag="240" ind1="1" ind2="0">
			<marc:subfield code="a">Dies irae</marc:subfield>
			<marc:subfield code="m">V (4)</marc:subfield>
			<marc:subfield code="r">a</marc:subfield>
			<marc:subfield code="0">3910034</marc:subfield>
		</marc:datafield>
		<marc:datafield tag="245" ind1="1" ind2="0">
			<marc:subfield code="a">[without title]</marc:subfield>
		</marc:datafield>
		<marc:datafield tag="260" ind1=" " ind2=" ">
			<marc:subfield code="c">1700-1799</marc:subfield>
			<marc:subfield code="8">01</marc:subfield>
		</marc:datafield>
		<marc:datafield tag="300" ind1=" " ind2=" ">
			<marc:subfield code="a">2 parts</marc:subfield>
			<marc:subfield code="c">38 x 24,5 cm</marc:subfield>
			<marc:subfield code="8">01</marc:subfield>
		</marc:datafield>
		<marc:datafield tag="500" ind1=" " ind2=" ">
			<marc:subfield code="a">other parts missing</marc:subfield>
			<marc:subfield code="8">01</marc:subfield>
		</marc:datafield>
		<marc:datafield tag="500" ind1=" " ind2=" ">
			<marc:subfield code="a">Pseudo-mensural notation, four-line staves.</marc:subfield>
			<marc:subfield code="8">01</marc:subfield>
		</marc:datafield>
		<marc:datafield tag="500" ind1=" " ind2=" ">
			<marc:subfield code="a">Inscription at the end of S1 part: &quot;Informacia | Każda stropha kończy się szerokim przekrysleniem | gdzie znaczy piano. [underlined] tam trzeba Głos przyciszać; gdzie zaś iest | forte. [underlined] tam Echo głośno wydawać; wostatniey zaś strofie | po każdym słowie parce. [underlined] trzeba wszystkim przestać | razem wytrzymując iak puł [!] taktu y znowu razem zaczy | nać&quot; [An information: Each stanza ends with a wide line. Where &quot;piano&quot; is written, the voice should be suppressed, while where &quot;forte&quot; is written, echo loud emitted. In the last stanza after each word &quot;parce&quot; all should stop and intermit for a half bar, and [then] start again].</marc:subfield>
		</marc:datafield>
		<marc:datafield tag="500" ind1=" " ind2=" ">
			<marc:subfield code="a">Inscription at the end of A part: &quot;Informacia [underlined] Wszystkie tu te strofy | co ywpierwszym głosie lubo po trzy | wiersze na iednę Linią pisane, dla że | ton ieden wychodzi oprocz ostatniey | przeto dobierać sobie łatwo potraficie | spiewa się zawsze iedna z tego kantu strofa | a druga zwyczaynym chorałem, tak iak iest | w Xięgach, yznowu ztey karty jedna, ytak na | przemiany i / że to się spiewa na 4 głosy, to | my tak dobieramy zpierszego głosu, dobiera | my wtorem a z altu dobieramy Basem | tylko gdzie napisano piano to [illegible] | to na ten czas przestaję Bas spiewać&quot; [An information: All the stanzas here, which are written in the first part as three verses for a one line, because the melody is the same besides the last one, so you can easily fit. Always one from this cantional and the second as ordinary plainchant, as there is in books, is to be sung, and again from this card and again for a change. And as this is to be sung for 4 parts, thus we from the first part fit from the second and to Alt part fit from the Bas, only where &quot;piano&quot; is written, Bass stops to sing].</marc:subfield>
		</marc:datafield>
		<marc:datafield tag="590" ind1=" " ind2=" ">
			<marc:subfield code="a">S 1, A</marc:subfield>
			<marc:subfield code="b">1, 1 f.</marc:subfield>
			<marc:subfield code="8">01</marc:subfield>
		</marc:datafield>
		<marc:datafield tag="593" ind1=" " ind2=" ">
			<marc:subfield code="a">Manuscript copy</marc:subfield>
			<marc:subfield code="b">Notated music</marc:subfield>
			<marc:subfield code="8">01</marc:subfield>
		</marc:datafield>
		<marc:datafield tag="594" ind1=" " ind2=" ">
			<marc:subfield code="b">S</marc:subfield>
			<marc:subfield code="c">2</marc:subfield>
		</marc:datafield>
		<marc:datafield tag="594" ind1=" " ind2=" ">
			<marc:subfield code="b">A</marc:subfield>
			<marc:subfield code="c">1</marc:subfield>
		</marc:datafield>
		<marc:datafield tag="594" ind1=" " ind2=" ">
			<marc:subfield code="b">B</marc:subfield>
			<marc:subfield code="c">1</marc:subfield>
		</marc:datafield>
		<marc:datafield tag="594" ind1=" " ind2=" ">
			<marc:subfield code="a">S (2), A, B</marc:subfield>
		</marc:datafield>
		<marc:datafield tag="599" ind1=" " ind2=" ">
			<marc:subfield code="b">full</marc:subfield>
		</marc:datafield>
		<marc:datafield tag="650" ind1="0" ind2="7">
			<marc:subfield code="a">Requiems</marc:subfield>
			<marc:subfield code="0">25134</marc:subfield>
		</marc:datafield>
		<marc:datafield tag="691" ind1=" " ind2="7">
			<marc:subfield code="a">ŚwierczekK 1965</marc:subfield>
			<marc:subfield code="n">p. 263</marc:subfield>
			<marc:subfield code="0">1891</marc:subfield>
		</marc:datafield>
		<marc:datafield tag="852" ind1=" " ind2=" ">
			<marc:subfield code="a">PL-SA</marc:subfield>
			<marc:subfield code="c">199/A VI 3</marc:subfield>
			<marc:subfield code="e">Biblioteka Diecezjalna w Sandomierzu</marc:subfield>
			<marc:subfield code="x">30003584</marc:subfield>
		</marc:datafield>
		<marc:datafield tag="980" ind1=" " ind2=" ">
			<marc:subfield code="a">RISM</marc:subfield>
			<marc:subfield code="c">examined</marc:subfield>
		</marc:datafield>
	</marc:record>