

	<marc:record>
		<marc:leader>00000ndc a2200000 u 4500</marc:leader>
		<marc:controlfield tag="001">1001106393</marc:controlfield>
		<marc:controlfield tag="003">DE-633</marc:controlfield>
		<marc:datafield tag="040" ind1=" " ind2=" ">
			<marc:subfield code="a">DE-633</marc:subfield>
			<marc:subfield code="b">eng</marc:subfield>
		</marc:datafield>
		<marc:datafield tag="041" ind1="0" ind2=" ">
			<marc:subfield code="a">pol</marc:subfield>
		</marc:datafield>
		<marc:datafield tag="130" ind1="0" ind2=" ">
			<marc:subfield code="a">Mass and 5 sacred songs</marc:subfield>
			<marc:subfield code="0">50279953</marc:subfield>
		</marc:datafield>
		<marc:datafield tag="245" ind1="1" ind2="0">
			<marc:subfield code="a">[without title]</marc:subfield>
		</marc:datafield>
		<marc:datafield tag="260" ind1=" " ind2=" ">
			<marc:subfield code="c">after 1815</marc:subfield>
			<marc:subfield code="8">01</marc:subfield>
		</marc:datafield>
		<marc:datafield tag="300" ind1=" " ind2=" ">
			<marc:subfield code="a">1 part</marc:subfield>
			<marc:subfield code="c">16,5 x 22 cm</marc:subfield>
			<marc:subfield code="8">01</marc:subfield>
		</marc:datafield>
		<marc:datafield tag="500" ind1=" " ind2=" ">
			<marc:subfield code="a">Notebook made of a thin grey paper.</marc:subfield>
			<marc:subfield code="8">01</marc:subfield>
		</marc:datafield>
		<marc:datafield tag="500" ind1=" " ind2=" ">
			<marc:subfield code="a">Besides a Polish mass and Polish sacred songs the notebook contains: principles of music (p. 1-2, 12), calculations (p. 14, 17, 19), geography-related questions, a tale &quot;A royal chimney sweep&quot; (p. 20-21) and lists of male pupils (p. 21-26).</marc:subfield>
		</marc:datafield>
		<marc:datafield tag="500" ind1=" " ind2=" ">
			<marc:subfield code="a">Teacher&#39;s notebook presumably.</marc:subfield>
		</marc:datafield>
		<marc:datafield tag="590" ind1=" " ind2=" ">
			<marc:subfield code="a">S</marc:subfield>
			<marc:subfield code="b">p. 3-13</marc:subfield>
			<marc:subfield code="8">01</marc:subfield>
		</marc:datafield>
		<marc:datafield tag="593" ind1=" " ind2=" ">
			<marc:subfield code="a">Manuscript copy</marc:subfield>
			<marc:subfield code="b">Notated music</marc:subfield>
			<marc:subfield code="8">01</marc:subfield>
		</marc:datafield>
		<marc:datafield tag="594" ind1=" " ind2=" ">
			<marc:subfield code="b">no indication</marc:subfield>
		</marc:datafield>
		<marc:datafield tag="594" ind1=" " ind2=" ">
			<marc:subfield code="a">no indication</marc:subfield>
		</marc:datafield>
		<marc:datafield tag="599" ind1=" " ind2=" ">
			<marc:subfield code="b">full</marc:subfield>
		</marc:datafield>
		<marc:datafield tag="650" ind1="0" ind2="7">
			<marc:subfield code="a">Masses</marc:subfield>
			<marc:subfield code="0">25133</marc:subfield>
		</marc:datafield>
		<marc:datafield tag="650" ind1="0" ind2="7">
			<marc:subfield code="a">Sacred songs</marc:subfield>
			<marc:subfield code="0">25250</marc:subfield>
		</marc:datafield>
		<marc:datafield tag="691" ind1=" " ind2="7">
			<marc:subfield code="a">ŚwierczekK 1965</marc:subfield>
			<marc:subfield code="n">p. 249-250</marc:subfield>
			<marc:subfield code="0">1891</marc:subfield>
		</marc:datafield>
		<marc:datafield tag="774" ind1="1" ind2="8">
			<marc:subfield code="a">Anonymus - Mass - S</marc:subfield>
			<marc:subfield code="w">1001106431</marc:subfield>
		</marc:datafield>
		<marc:datafield tag="774" ind1="1" ind2="8">
			<marc:subfield code="a">Anonymus - Przyjmij Boże tę ofiarę</marc:subfield>
			<marc:subfield code="w">1001106434</marc:subfield>
		</marc:datafield>
		<marc:datafield tag="774" ind1="1" ind2="8">
			<marc:subfield code="a">Anonymus - Aniele stróżu duszy - S</marc:subfield>
			<marc:subfield code="w">1001106435</marc:subfield>
		</marc:datafield>
		<marc:datafield tag="774" ind1="1" ind2="8">
			<marc:subfield code="a">Anonymus - Ciebie Boże wychwalamy - S</marc:subfield>
			<marc:subfield code="w">1001106436</marc:subfield>
		</marc:datafield>
		<marc:datafield tag="774" ind1="1" ind2="8">
			<marc:subfield code="a">Anonymus - Boże Cesarza chroń - S</marc:subfield>
			<marc:subfield code="w">1001106437</marc:subfield>
		</marc:datafield>
		<marc:datafield tag="774" ind1="1" ind2="8">
			<marc:subfield code="a">Anonymus - Chwałę Panu wdzięcznym pieniem - S</marc:subfield>
			<marc:subfield code="w">1001106438</marc:subfield>
		</marc:datafield>
		<marc:datafield tag="852" ind1=" " ind2=" ">
			<marc:subfield code="a">PL-SA</marc:subfield>
			<marc:subfield code="c">381/A VIII 21</marc:subfield>
			<marc:subfield code="e">Biblioteka Diecezjalna w Sandomierzu</marc:subfield>
			<marc:subfield code="x">30003584</marc:subfield>
		</marc:datafield>
		<marc:datafield tag="980" ind1=" " ind2=" ">
			<marc:subfield code="a">RISM</marc:subfield>
			<marc:subfield code="c">examined</marc:subfield>
		</marc:datafield>
	</marc:record>