

	<marc:record>
		<marc:leader>00000ndc a2200000 u 4500</marc:leader>
		<marc:controlfield tag="001">1001218997</marc:controlfield>
		<marc:controlfield tag="003">DE-633</marc:controlfield>
		<marc:datafield tag="040" ind1=" " ind2=" ">
			<marc:subfield code="a">DE-633</marc:subfield>
			<marc:subfield code="b">eng</marc:subfield>
		</marc:datafield>
		<marc:datafield tag="130" ind1="0" ind2=" ">
			<marc:subfield code="a">Beginnings for viola and 36 Instrumental pieces</marc:subfield>
			<marc:subfield code="m">vla da gamba</marc:subfield>
			<marc:subfield code="0">50346682</marc:subfield>
		</marc:datafield>
		<marc:datafield tag="245" ind1="1" ind2="0">
			<marc:subfield code="a">[caption title:] [on p. 1 of the front part:] Początki na Wiolę [Beginnings for viola]</marc:subfield>
		</marc:datafield>
		<marc:datafield tag="260" ind1=" " ind2=" ">
			<marc:subfield code="c">1700-1799</marc:subfield>
			<marc:subfield code="8">01</marc:subfield>
		</marc:datafield>
		<marc:datafield tag="300" ind1=" " ind2=" ">
			<marc:subfield code="a">1 part</marc:subfield>
			<marc:subfield code="c">16 x 20 cm</marc:subfield>
			<marc:subfield code="8">01</marc:subfield>
		</marc:datafield>
		<marc:datafield tag="500" ind1=" " ind2=" ">
			<marc:subfield code="a">Notebook covered with (damaged) marbled paper, made of one folding sewn in the middle with a thick thread.</marc:subfield>
			<marc:subfield code="8">01</marc:subfield>
		</marc:datafield>
		<marc:datafield tag="500" ind1=" " ind2=" ">
			<marc:subfield code="a">Manuscript written from both sides of the notebook, same as pagination, hardly visible, made in pencil by W. Świerczek. On the front part: p. 1-4 (exercises and principles of music), and on the rear part: p. 2-15 (accompaniments for sacred songs and dances).</marc:subfield>
			<marc:subfield code="8">01</marc:subfield>
		</marc:datafield>
		<marc:datafield tag="500" ind1=" " ind2=" ">
			<marc:subfield code="a">Accompaniments for sacred songs of the rear part of the manuscript are grouped according to the liturgical calendar: &quot;Piesni Adwentowe&quot; [Advent songs], p. 2-3 (&quot;Zdrowaś bądź Maryja&quot;, &quot;Urząd zbawienia ludzkiego&quot;, &quot;Po upadku człowieka grzesznego&quot;, &quot;Jako róża&quot;, Kto chce Pannie Maryi służyć&quot;); &quot;Piesni o Narodzeniu Pańskim&quot; (songs about the Nativity), p. 3-6 (&quot;Angelus pastoribus&quot;, &quot;W żłobie leży&quot;, &quot;Przyskoczę ja do tej szopy&quot;, &quot;Paśli pasterze&quot;, &quot;Już pochwalmy króla tego&quot;, &quot;W dzień Bożego Narodzenia&quot;, &quot;Mamy przyjaciela&quot;, &quot;Paśli pasterze woły&quot;, &quot;Ach biada mnie, Herodowi&quot;); &quot;Piesni o Męce Pańskiey&quot; [songs about the Passion], p. 6-8 (&quot;Ojcze Boże wszechmogący&quot;, &quot;O duszo wszelka nabożna&quot;, &quot;Jezu Chryste Panie miły&quot;, &quot;Krzyżu święty nade wszystko&quot;, &quot;Rozmyślajmyż dziś&quot;, &quot;Stabat mater&quot;); &quot;Piesni o Bożym Ciele&quot; [songs about Corpus Christi], p. 8-11 (&quot;Twoja cześć chwała&quot;, &quot;Do Ciebie Panie&quot;, &quot;Jesu dulcis memoria&quot;, &quot;O gloriosa Domina&quot;, &quot;Stella caeli&quot;, &quot;Straszliwego majestatu Panie&quot;, &quot;Najwyższa Matko najwyższego Boga&quot;, &quot;Zawitaj ranna Jutrzenko&quot;).</marc:subfield>
			<marc:subfield code="8">01</marc:subfield>
		</marc:datafield>
		<marc:datafield tag="590" ind1=" " ind2=" ">
			<marc:subfield code="a">vla da gamba</marc:subfield>
			<marc:subfield code="b">4 p. [front part] and 15 p. [rear part]</marc:subfield>
			<marc:subfield code="8">01</marc:subfield>
		</marc:datafield>
		<marc:datafield tag="593" ind1=" " ind2=" ">
			<marc:subfield code="a">Manuscript copy</marc:subfield>
			<marc:subfield code="b">Notated music</marc:subfield>
			<marc:subfield code="8">01</marc:subfield>
		</marc:datafield>
		<marc:datafield tag="594" ind1=" " ind2=" ">
			<marc:subfield code="b">vla da gamba</marc:subfield>
			<marc:subfield code="c">1</marc:subfield>
		</marc:datafield>
		<marc:datafield tag="594" ind1=" " ind2=" ">
			<marc:subfield code="a">vla da gamba</marc:subfield>
		</marc:datafield>
		<marc:datafield tag="599" ind1=" " ind2=" ">
			<marc:subfield code="b">full</marc:subfield>
		</marc:datafield>
		<marc:datafield tag="691" ind1=" " ind2="7">
			<marc:subfield code="a">ŚwierczekK 1965</marc:subfield>
			<marc:subfield code="n">p. 275</marc:subfield>
			<marc:subfield code="0">1891</marc:subfield>
		</marc:datafield>
		<marc:datafield tag="774" ind1="1" ind2="8">
			<marc:subfield code="a">Anonymus - School for viola</marc:subfield>
			<marc:subfield code="w">1001092253</marc:subfield>
		</marc:datafield>
		<marc:datafield tag="774" ind1="1" ind2="8">
			<marc:subfield code="a">Anonymus - Zdrowaś bądź Maryja - vla da gamba</marc:subfield>
			<marc:subfield code="w">1001088574</marc:subfield>
		</marc:datafield>
		<marc:datafield tag="774" ind1="1" ind2="8">
			<marc:subfield code="a">Anonymus - Urząd zbawienia ludzkiego - vla da gamba</marc:subfield>
			<marc:subfield code="w">1001094876</marc:subfield>
		</marc:datafield>
		<marc:datafield tag="774" ind1="1" ind2="8">
			<marc:subfield code="a">Anonymus - Po upadku człowieka grzesznego - vla da gamba</marc:subfield>
			<marc:subfield code="w">1001088844</marc:subfield>
		</marc:datafield>
		<marc:datafield tag="774" ind1="1" ind2="8">
			<marc:subfield code="a">Anonymus - Jako róża - vla da gamba</marc:subfield>
			<marc:subfield code="w">1001088012</marc:subfield>
		</marc:datafield>
		<marc:datafield tag="774" ind1="1" ind2="8">
			<marc:subfield code="a">Anonymus - Kto chce Pannie Maryi służyć - vla da gamba</marc:subfield>
			<marc:subfield code="w">1001088014</marc:subfield>
		</marc:datafield>
		<marc:datafield tag="774" ind1="1" ind2="8">
			<marc:subfield code="a">Anonymus - Angelus pastoribus - vla da gamba</marc:subfield>
			<marc:subfield code="w">1001088015</marc:subfield>
		</marc:datafield>
		<marc:datafield tag="774" ind1="1" ind2="8">
			<marc:subfield code="a">Anonymus - W żłobie leży - vla da gamba</marc:subfield>
			<marc:subfield code="w">1001088524</marc:subfield>
		</marc:datafield>
		<marc:datafield tag="774" ind1="1" ind2="8">
			<marc:subfield code="a">Anonymus - Przyskoczę ja do tej szopy - vla da gamba</marc:subfield>
			<marc:subfield code="w">1001088559</marc:subfield>
		</marc:datafield>
		<marc:datafield tag="774" ind1="1" ind2="8">
			<marc:subfield code="a">Anonymus - Paśli pasterze - vla da gamba</marc:subfield>
			<marc:subfield code="w">1001088565</marc:subfield>
		</marc:datafield>
		<marc:datafield tag="774" ind1="1" ind2="8">
			<marc:subfield code="a">Anonymus - Już pochwalmy króla tego - vla da gamba</marc:subfield>
			<marc:subfield code="w">1001088566</marc:subfield>
		</marc:datafield>
		<marc:datafield tag="774" ind1="1" ind2="8">
			<marc:subfield code="a">Anonymus - W dzień Bozego Narodzenia - vla da gamba</marc:subfield>
			<marc:subfield code="w">1001100417</marc:subfield>
		</marc:datafield>
		<marc:datafield tag="774" ind1="1" ind2="8">
			<marc:subfield code="a">Anonymus - Mamy przyjaciela - vla da gamba</marc:subfield>
			<marc:subfield code="w">1001100419</marc:subfield>
		</marc:datafield>
		<marc:datafield tag="774" ind1="1" ind2="8">
			<marc:subfield code="a">Anonymus - Paśli pasterze woły - vla da gamba</marc:subfield>
			<marc:subfield code="w">1001088571</marc:subfield>
		</marc:datafield>
		<marc:datafield tag="774" ind1="1" ind2="8">
			<marc:subfield code="a">Anonymus - Ach biada mnie, Herodowi - vla da gamba</marc:subfield>
			<marc:subfield code="w">1001088572</marc:subfield>
		</marc:datafield>
		<marc:datafield tag="774" ind1="1" ind2="8">
			<marc:subfield code="a">Anonymus - Ojcze Boże wszechmogący - vla da gamba</marc:subfield>
			<marc:subfield code="w">1001064783</marc:subfield>
		</marc:datafield>
		<marc:datafield tag="774" ind1="1" ind2="8">
			<marc:subfield code="a">Anonymus - O duszo wszelka - vla da gamba</marc:subfield>
			<marc:subfield code="w">1001064386</marc:subfield>
		</marc:datafield>
		<marc:datafield tag="774" ind1="1" ind2="8">
			<marc:subfield code="a">Anonymus - Jezu Chryste Panie miły - vla da gamba</marc:subfield>
			<marc:subfield code="w">1001067779</marc:subfield>
		</marc:datafield>
		<marc:datafield tag="774" ind1="1" ind2="8">
			<marc:subfield code="a">Anonymus - Krzyżu święty - vla da gamba</marc:subfield>
			<marc:subfield code="w">1001091855</marc:subfield>
		</marc:datafield>
		<marc:datafield tag="774" ind1="1" ind2="8">
			<marc:subfield code="a">Anonymus - Rozmyślajmy dziś wierni chrześcijanie - vla da gamba</marc:subfield>
			<marc:subfield code="w">1001077460</marc:subfield>
		</marc:datafield>
		<marc:datafield tag="774" ind1="1" ind2="8">
			<marc:subfield code="a">Anonymus - Stabat mater - vla da gamba</marc:subfield>
			<marc:subfield code="w">1001270408</marc:subfield>
		</marc:datafield>
		<marc:datafield tag="774" ind1="1" ind2="8">
			<marc:subfield code="a">Anonymus - Twoja cześć chwała - vla da gamba</marc:subfield>
			<marc:subfield code="w">1001091711</marc:subfield>
		</marc:datafield>
		<marc:datafield tag="774" ind1="1" ind2="8">
			<marc:subfield code="a">Anonymus - Do Ciebie Panie - vla da gamba</marc:subfield>
			<marc:subfield code="w">1001091712</marc:subfield>
		</marc:datafield>
		<marc:datafield tag="774" ind1="1" ind2="8">
			<marc:subfield code="a">Anonymus - Jesu dulcis memoria - vla da gamba</marc:subfield>
			<marc:subfield code="w">1001271121</marc:subfield>
		</marc:datafield>
		<marc:datafield tag="774" ind1="1" ind2="8">
			<marc:subfield code="a">Anonymus - O gloriosa domina - vla da gamba</marc:subfield>
			<marc:subfield code="w">1001271122</marc:subfield>
		</marc:datafield>
		<marc:datafield tag="774" ind1="1" ind2="8">
			<marc:subfield code="a">Anonymus - Stella caeli - vla da gamba</marc:subfield>
			<marc:subfield code="w">1001271123</marc:subfield>
		</marc:datafield>
		<marc:datafield tag="774" ind1="1" ind2="8">
			<marc:subfield code="a">Anonymus - Straszliwego majestatu Panie - vla da gamba</marc:subfield>
			<marc:subfield code="w">1001271124</marc:subfield>
		</marc:datafield>
		<marc:datafield tag="774" ind1="1" ind2="8">
			<marc:subfield code="a">Anonymus - Najwyższa Matko najwyższego Boga - vla da gamba</marc:subfield>
			<marc:subfield code="w">1001271125</marc:subfield>
		</marc:datafield>
		<marc:datafield tag="774" ind1="1" ind2="8">
			<marc:subfield code="a">Anonymus - Zawitaj ranna Jutrzenko - vla da gamba</marc:subfield>
			<marc:subfield code="w">1001271126</marc:subfield>
		</marc:datafield>
		<marc:datafield tag="774" ind1="1" ind2="8">
			<marc:subfield code="a">Anonymus - Minuet - vla da gamba</marc:subfield>
			<marc:subfield code="w">1001271127</marc:subfield>
		</marc:datafield>
		<marc:datafield tag="774" ind1="1" ind2="8">
			<marc:subfield code="a">Anonymus - Minuet - vla da gamba</marc:subfield>
			<marc:subfield code="w">1001271128</marc:subfield>
		</marc:datafield>
		<marc:datafield tag="774" ind1="1" ind2="8">
			<marc:subfield code="a">Anonymus - Minuet - vla da gamba</marc:subfield>
			<marc:subfield code="w">1001271129</marc:subfield>
		</marc:datafield>
		<marc:datafield tag="774" ind1="1" ind2="8">
			<marc:subfield code="a">Anonymus - Piece - vla da gamba</marc:subfield>
			<marc:subfield code="w">1001271130</marc:subfield>
		</marc:datafield>
		<marc:datafield tag="774" ind1="1" ind2="8">
			<marc:subfield code="a">Anonymus - Passepied - vla da gamba</marc:subfield>
			<marc:subfield code="w">1001271131</marc:subfield>
		</marc:datafield>
		<marc:datafield tag="774" ind1="1" ind2="8">
			<marc:subfield code="a">Anonymus - Minuet - vla da gamba</marc:subfield>
			<marc:subfield code="w">1001271132</marc:subfield>
		</marc:datafield>
		<marc:datafield tag="774" ind1="1" ind2="8">
			<marc:subfield code="a">Anonymus - Minuet - vla da gamba</marc:subfield>
			<marc:subfield code="w">1001271133</marc:subfield>
		</marc:datafield>
		<marc:datafield tag="774" ind1="1" ind2="8">
			<marc:subfield code="a">Anonymus - Piece - vla da gamba</marc:subfield>
			<marc:subfield code="w">1001271134</marc:subfield>
		</marc:datafield>
		<marc:datafield tag="852" ind1=" " ind2=" ">
			<marc:subfield code="a">PL-SA</marc:subfield>
			<marc:subfield code="c">581/A IX 61</marc:subfield>
			<marc:subfield code="e">Biblioteka Diecezjalna w Sandomierzu</marc:subfield>
			<marc:subfield code="x">30003584</marc:subfield>
		</marc:datafield>
		<marc:datafield tag="980" ind1=" " ind2=" ">
			<marc:subfield code="a">RISM</marc:subfield>
			<marc:subfield code="c">examined</marc:subfield>
		</marc:datafield>
	</marc:record>