

	<marc:record>
		<marc:leader>00000ndd a2200000 u 4500</marc:leader>
		<marc:controlfield tag="001">1001219075</marc:controlfield>
		<marc:controlfield tag="003">DE-633</marc:controlfield>
		<marc:datafield tag="031" ind1=" " ind2=" ">
			<marc:subfield code="a">1</marc:subfield>
			<marc:subfield code="b">1</marc:subfield>
			<marc:subfield code="c">1</marc:subfield>
			<marc:subfield code="g">G-2</marc:subfield>
			<marc:subfield code="m">pf</marc:subfield>
			<marc:subfield code="o">2/4</marc:subfield>
			<marc:subfield code="p">{&#39;&#39;8.G6F}{8EE}/{8.E6D}{8CC}/{8DCD&#39;B}/{6&#39;&#39;CDED}{CDEF}/{&#39;&#39;8.G6F}{8EE}/</marc:subfield>
			<marc:subfield code="r">F</marc:subfield>
			<marc:subfield code="2">pe</marc:subfield>
		</marc:datafield>
		<marc:datafield tag="040" ind1=" " ind2=" ">
			<marc:subfield code="a">DE-633</marc:subfield>
			<marc:subfield code="b">eng</marc:subfield>
		</marc:datafield>
		<marc:datafield tag="100" ind1="1" ind2=" ">
			<marc:subfield code="a">Kočvara, František</marc:subfield>
			<marc:subfield code="d">1750c-1791</marc:subfield>
			<marc:subfield code="j">Ascertained</marc:subfield>
			<marc:subfield code="0">30001735</marc:subfield>
		</marc:datafield>
		<marc:datafield tag="240" ind1="1" ind2="0">
			<marc:subfield code="a">The Battle of Prague</marc:subfield>
			<marc:subfield code="k">Excerpts</marc:subfield>
			<marc:subfield code="m">pf</marc:subfield>
			<marc:subfield code="n">op. 23</marc:subfield>
			<marc:subfield code="r">F</marc:subfield>
			<marc:subfield code="0">3926287</marc:subfield>
		</marc:datafield>
		<marc:datafield tag="245" ind1="1" ind2="0">
			<marc:subfield code="a">[caption title:] Rondo</marc:subfield>
		</marc:datafield>
		<marc:datafield tag="300" ind1=" " ind2=" ">
			<marc:subfield code="a">1 part</marc:subfield>
			<marc:subfield code="8">01</marc:subfield>
		</marc:datafield>
		<marc:datafield tag="383" ind1=" " ind2=" ">
			<marc:subfield code="b">op. 23</marc:subfield>
		</marc:datafield>
		<marc:datafield tag="590" ind1=" " ind2=" ">
			<marc:subfield code="a">pf</marc:subfield>
			<marc:subfield code="b">p. 2</marc:subfield>
			<marc:subfield code="8">01</marc:subfield>
		</marc:datafield>
		<marc:datafield tag="593" ind1=" " ind2=" ">
			<marc:subfield code="a">Manuscript copy</marc:subfield>
			<marc:subfield code="b">Notated music</marc:subfield>
			<marc:subfield code="8">01</marc:subfield>
		</marc:datafield>
		<marc:datafield tag="594" ind1=" " ind2=" ">
			<marc:subfield code="b">pf</marc:subfield>
			<marc:subfield code="c">1</marc:subfield>
		</marc:datafield>
		<marc:datafield tag="594" ind1=" " ind2=" ">
			<marc:subfield code="a">pf</marc:subfield>
		</marc:datafield>
		<marc:datafield tag="599" ind1=" " ind2=" ">
			<marc:subfield code="b">full</marc:subfield>
		</marc:datafield>
		<marc:datafield tag="650" ind1="0" ind2="7">
			<marc:subfield code="a">Piano pieces</marc:subfield>
			<marc:subfield code="0">50001437</marc:subfield>
		</marc:datafield>
		<marc:datafield tag="650" ind1="0" ind2="7">
			<marc:subfield code="a">Battle music (inst.)</marc:subfield>
			<marc:subfield code="0">3000184</marc:subfield>
		</marc:datafield>
		<marc:datafield tag="650" ind1="0" ind2="7">
			<marc:subfield code="a">Marches</marc:subfield>
			<marc:subfield code="0">25189</marc:subfield>
		</marc:datafield>
		<marc:datafield tag="730" ind1="0" ind2=" ">
			<marc:subfield code="a">Turkish march</marc:subfield>
			<marc:subfield code="g">RISM</marc:subfield>
			<marc:subfield code="0">3980547</marc:subfield>
		</marc:datafield>
		<marc:datafield tag="773" ind1="1" ind2="8">
			<marc:subfield code="a"> - 3 Piano pieces and Organist&#39;s Notebook</marc:subfield>
			<marc:subfield code="w">1001219052</marc:subfield>
		</marc:datafield>
		<marc:datafield tag="787" ind1="0" ind2=" ">
			<marc:subfield code="n">concordance</marc:subfield>
			<marc:subfield code="w">900005269</marc:subfield>
			<marc:subfield code="4">rdau:P60191</marc:subfield>
		</marc:datafield>
		<marc:datafield tag="787" ind1="0" ind2=" ">
			<marc:subfield code="n">concordance</marc:subfield>
			<marc:subfield code="w">128045</marc:subfield>
			<marc:subfield code="4">rdau:P60191</marc:subfield>
		</marc:datafield>
		<marc:datafield tag="787" ind1="0" ind2=" ">
			<marc:subfield code="n">concordance</marc:subfield>
			<marc:subfield code="w">112684</marc:subfield>
			<marc:subfield code="4">rdau:P60191</marc:subfield>
		</marc:datafield>
		<marc:datafield tag="787" ind1="0" ind2=" ">
			<marc:subfield code="n">concordance</marc:subfield>
			<marc:subfield code="w">135671</marc:subfield>
			<marc:subfield code="4">rdau:P60191</marc:subfield>
		</marc:datafield>
		<marc:datafield tag="852" ind1=" " ind2=" ">
			<marc:subfield code="a">PL-SA</marc:subfield>
			<marc:subfield code="c">589/A IX 69</marc:subfield>
			<marc:subfield code="e">Biblioteka Diecezjalna w Sandomierzu</marc:subfield>
			<marc:subfield code="x">30003584</marc:subfield>
		</marc:datafield>
		<marc:datafield tag="980" ind1=" " ind2=" ">
			<marc:subfield code="a">RISM</marc:subfield>
			<marc:subfield code="c">examined</marc:subfield>
		</marc:datafield>
	</marc:record>