

	<marc:record>
		<marc:leader>00000ndc a2200000 u 4500</marc:leader>
		<marc:controlfield tag="001">1001076163</marc:controlfield>
		<marc:controlfield tag="003">DE-633</marc:controlfield>
		<marc:datafield tag="040" ind1=" " ind2=" ">
			<marc:subfield code="a">DE-633</marc:subfield>
			<marc:subfield code="b">eng</marc:subfield>
		</marc:datafield>
		<marc:datafield tag="130" ind1="0" ind2=" ">
			<marc:subfield code="a">117 Keyboard pieces</marc:subfield>
			<marc:subfield code="m">keyb</marc:subfield>
			<marc:subfield code="0">50346668</marc:subfield>
		</marc:datafield>
		<marc:datafield tag="245" ind1="1" ind2="0">
			<marc:subfield code="a">[without title]</marc:subfield>
		</marc:datafield>
		<marc:datafield tag="260" ind1=" " ind2=" ">
			<marc:subfield code="c">1700-1750</marc:subfield>
			<marc:subfield code="8">01</marc:subfield>
		</marc:datafield>
		<marc:datafield tag="300" ind1=" " ind2=" ">
			<marc:subfield code="a">1 part</marc:subfield>
			<marc:subfield code="c">19 x 15,5 cm</marc:subfield>
			<marc:subfield code="8">01</marc:subfield>
		</marc:datafield>
		<marc:datafield tag="500" ind1=" " ind2=" ">
			<marc:subfield code="a">Manuscript damaged by vermin.</marc:subfield>
			<marc:subfield code="8">01</marc:subfield>
		</marc:datafield>
		<marc:datafield tag="500" ind1=" " ind2=" ">
			<marc:subfield code="a">Written by one copyist except of &#39;Tobie nad pomysł&#39; (f. 68v) and two short exercises without records (f. 70r and 78r).</marc:subfield>
			<marc:subfield code="8">01</marc:subfield>
		</marc:datafield>
		<marc:datafield tag="500" ind1=" " ind2=" ">
			<marc:subfield code="a">Some presumably blank folios cut out (between f. 41-42, 50-51, 58-59, 59-60 and 79-80).</marc:subfield>
			<marc:subfield code="8">01</marc:subfield>
		</marc:datafield>
		<marc:datafield tag="500" ind1=" " ind2=" ">
			<marc:subfield code="a">Many folios with empty staves only or blank ones in various sections.</marc:subfield>
			<marc:subfield code="8">01</marc:subfield>
		</marc:datafield>
		<marc:datafield tag="500" ind1=" " ind2=" ">
			<marc:subfield code="a">Foliation in pencil probably by W. Świerczek; two folios omitted (between f. 42-43 and 73-74).</marc:subfield>
			<marc:subfield code="8">01</marc:subfield>
		</marc:datafield>
		<marc:datafield tag="500" ind1=" " ind2=" ">
			<marc:subfield code="a">Many illegible inscriptions on the inner side of the cover; a.o. partly illegible: &quot;Anno [D]omini 1719&quot; and &quot;Anno Domi[ni] 1725&quot;.</marc:subfield>
			<marc:subfield code="8">01</marc:subfield>
		</marc:datafield>
		<marc:datafield tag="563" ind1=" " ind2=" ">
			<marc:subfield code="a">Detached cardboard binding covered with brown leather, very damaged.</marc:subfield>
			<marc:subfield code="8">01</marc:subfield>
		</marc:datafield>
		<marc:datafield tag="590" ind1=" " ind2=" ">
			<marc:subfield code="a">keyb</marc:subfield>
			<marc:subfield code="b">83 f.</marc:subfield>
			<marc:subfield code="8">01</marc:subfield>
		</marc:datafield>
		<marc:datafield tag="593" ind1=" " ind2=" ">
			<marc:subfield code="a">Manuscript copy</marc:subfield>
			<marc:subfield code="b">Notated music</marc:subfield>
			<marc:subfield code="8">01</marc:subfield>
		</marc:datafield>
		<marc:datafield tag="594" ind1=" " ind2=" ">
			<marc:subfield code="b">keyb</marc:subfield>
			<marc:subfield code="c">1</marc:subfield>
		</marc:datafield>
		<marc:datafield tag="594" ind1=" " ind2=" ">
			<marc:subfield code="a">keyb</marc:subfield>
		</marc:datafield>
		<marc:datafield tag="599" ind1=" " ind2=" ">
			<marc:subfield code="b">full</marc:subfield>
		</marc:datafield>
		<marc:datafield tag="691" ind1=" " ind2="7">
			<marc:subfield code="a">CzerwińskiF 2020</marc:subfield>
			<marc:subfield code="n">s. 18-36</marc:subfield>
			<marc:subfield code="0">50007062</marc:subfield>
		</marc:datafield>
		<marc:datafield tag="774" ind1="1" ind2="8">
			<marc:subfield code="a">Anonymus - Keyboard pieces - keyb</marc:subfield>
			<marc:subfield code="w">1001076164</marc:subfield>
		</marc:datafield>
		<marc:datafield tag="774" ind1="1" ind2="8">
			<marc:subfield code="a">Anonymus - Keyboard piece - keyb</marc:subfield>
			<marc:subfield code="w">1001076165</marc:subfield>
		</marc:datafield>
		<marc:datafield tag="774" ind1="1" ind2="8">
			<marc:subfield code="a">Anonymus - Keyboard piece - keyb</marc:subfield>
			<marc:subfield code="w">1001076168</marc:subfield>
		</marc:datafield>
		<marc:datafield tag="774" ind1="1" ind2="8">
			<marc:subfield code="a">Anonymus - Keyboard piece - keyb</marc:subfield>
			<marc:subfield code="w">1001076306</marc:subfield>
		</marc:datafield>
		<marc:datafield tag="774" ind1="1" ind2="8">
			<marc:subfield code="a">Anonymus - Keyboard piece - keyb</marc:subfield>
			<marc:subfield code="w">1001076314</marc:subfield>
		</marc:datafield>
		<marc:datafield tag="774" ind1="1" ind2="8">
			<marc:subfield code="a">Anonymus - Keyboard piece - keyb</marc:subfield>
			<marc:subfield code="w">1001076317</marc:subfield>
		</marc:datafield>
		<marc:datafield tag="774" ind1="1" ind2="8">
			<marc:subfield code="a">Anonymus - Keyboard piece - keyb</marc:subfield>
			<marc:subfield code="w">1001076325</marc:subfield>
		</marc:datafield>
		<marc:datafield tag="774" ind1="1" ind2="8">
			<marc:subfield code="a">Anonymus - Toccata - keyb</marc:subfield>
			<marc:subfield code="w">1001076386</marc:subfield>
		</marc:datafield>
		<marc:datafield tag="774" ind1="1" ind2="8">
			<marc:subfield code="a">Anonymus - Prelude - keyb</marc:subfield>
			<marc:subfield code="w">1001076393</marc:subfield>
		</marc:datafield>
		<marc:datafield tag="774" ind1="1" ind2="8">
			<marc:subfield code="a">Anonymus - Keyboard piece - keyb</marc:subfield>
			<marc:subfield code="w">1001076394</marc:subfield>
		</marc:datafield>
		<marc:datafield tag="774" ind1="1" ind2="8">
			<marc:subfield code="a">Anonymus - Keyboard piece - keyb</marc:subfield>
			<marc:subfield code="w">1001076395</marc:subfield>
		</marc:datafield>
		<marc:datafield tag="774" ind1="1" ind2="8">
			<marc:subfield code="a">Anonymus - Keyboard piece - keyb</marc:subfield>
			<marc:subfield code="w">1001076396</marc:subfield>
		</marc:datafield>
		<marc:datafield tag="774" ind1="1" ind2="8">
			<marc:subfield code="a">Anonymus - Keyboard piece - keyb</marc:subfield>
			<marc:subfield code="w">1001076397</marc:subfield>
		</marc:datafield>
		<marc:datafield tag="774" ind1="1" ind2="8">
			<marc:subfield code="a">Anonymus - Keyboard piece - keyb</marc:subfield>
			<marc:subfield code="w">1001076398</marc:subfield>
		</marc:datafield>
		<marc:datafield tag="774" ind1="1" ind2="8">
			<marc:subfield code="a">Anonymus - Keyboard piece - keyb</marc:subfield>
			<marc:subfield code="w">1001076399</marc:subfield>
		</marc:datafield>
		<marc:datafield tag="774" ind1="1" ind2="8">
			<marc:subfield code="a">Anonymus - Keyboard piece - keyb</marc:subfield>
			<marc:subfield code="w">1001076400</marc:subfield>
		</marc:datafield>
		<marc:datafield tag="774" ind1="1" ind2="8">
			<marc:subfield code="a">Anonymus - Keyboard piece - keyb</marc:subfield>
			<marc:subfield code="w">1001076401</marc:subfield>
		</marc:datafield>
		<marc:datafield tag="774" ind1="1" ind2="8">
			<marc:subfield code="a">Anonymus - Keyboard piece - keyb</marc:subfield>
			<marc:subfield code="w">1001076411</marc:subfield>
		</marc:datafield>
		<marc:datafield tag="774" ind1="1" ind2="8">
			<marc:subfield code="a">Anonymus - Keyboard piece - keyb</marc:subfield>
			<marc:subfield code="w">1001076417</marc:subfield>
		</marc:datafield>
		<marc:datafield tag="774" ind1="1" ind2="8">
			<marc:subfield code="a">Anonymus - Keyboard piece - keyb</marc:subfield>
			<marc:subfield code="w">1001076418</marc:subfield>
		</marc:datafield>
		<marc:datafield tag="774" ind1="1" ind2="8">
			<marc:subfield code="a">Anonymus - Keyboard piece - keyb</marc:subfield>
			<marc:subfield code="w">1001076419</marc:subfield>
		</marc:datafield>
		<marc:datafield tag="774" ind1="1" ind2="8">
			<marc:subfield code="a">Anonymus - Keyboard piece - keyb</marc:subfield>
			<marc:subfield code="w">1001076421</marc:subfield>
		</marc:datafield>
		<marc:datafield tag="774" ind1="1" ind2="8">
			<marc:subfield code="a">Anonymus - Keyboard piece - keyb</marc:subfield>
			<marc:subfield code="w">1001076430</marc:subfield>
		</marc:datafield>
		<marc:datafield tag="774" ind1="1" ind2="8">
			<marc:subfield code="a">Anonymus - Preambulum - keyb</marc:subfield>
			<marc:subfield code="w">1001076431</marc:subfield>
		</marc:datafield>
		<marc:datafield tag="774" ind1="1" ind2="8">
			<marc:subfield code="a">Anonymus - Keyboard piece - keyb</marc:subfield>
			<marc:subfield code="w">1001076432</marc:subfield>
		</marc:datafield>
		<marc:datafield tag="774" ind1="1" ind2="8">
			<marc:subfield code="a">Anonymus - Keyboard piece - keyb</marc:subfield>
			<marc:subfield code="w">1001076433</marc:subfield>
		</marc:datafield>
		<marc:datafield tag="774" ind1="1" ind2="8">
			<marc:subfield code="a">Anonymus - Keyboard piece - keyb</marc:subfield>
			<marc:subfield code="w">1001076496</marc:subfield>
		</marc:datafield>
		<marc:datafield tag="774" ind1="1" ind2="8">
			<marc:subfield code="a">Anonymus - Keyboard piece - keyb</marc:subfield>
			<marc:subfield code="w">1001076501</marc:subfield>
		</marc:datafield>
		<marc:datafield tag="774" ind1="1" ind2="8">
			<marc:subfield code="a">Anonymus - Keyboard piece - keyb</marc:subfield>
			<marc:subfield code="w">1001076502</marc:subfield>
		</marc:datafield>
		<marc:datafield tag="774" ind1="1" ind2="8">
			<marc:subfield code="a">Anonymus - Keyboard piece - keyb</marc:subfield>
			<marc:subfield code="w">1001076503</marc:subfield>
		</marc:datafield>
		<marc:datafield tag="774" ind1="1" ind2="8">
			<marc:subfield code="a">Anonymus - Keyboard piece - keyb</marc:subfield>
			<marc:subfield code="w">1001076504</marc:subfield>
		</marc:datafield>
		<marc:datafield tag="774" ind1="1" ind2="8">
			<marc:subfield code="a">Anonymus - Keyboard piece - keyb</marc:subfield>
			<marc:subfield code="w">1001076506</marc:subfield>
		</marc:datafield>
		<marc:datafield tag="774" ind1="1" ind2="8">
			<marc:subfield code="a">Anonymus - Keyboard piece - keyb</marc:subfield>
			<marc:subfield code="w">1001076507</marc:subfield>
		</marc:datafield>
		<marc:datafield tag="774" ind1="1" ind2="8">
			<marc:subfield code="a">Anonymus - Keyboard piece - keyb</marc:subfield>
			<marc:subfield code="w">1001076508</marc:subfield>
		</marc:datafield>
		<marc:datafield tag="774" ind1="1" ind2="8">
			<marc:subfield code="a">Anonymus - Keyboard piece - keyb</marc:subfield>
			<marc:subfield code="w">1001076510</marc:subfield>
		</marc:datafield>
		<marc:datafield tag="774" ind1="1" ind2="8">
			<marc:subfield code="a">Anonymus - Keyboard piece - keyb</marc:subfield>
			<marc:subfield code="w">1001076511</marc:subfield>
		</marc:datafield>
		<marc:datafield tag="774" ind1="1" ind2="8">
			<marc:subfield code="a">Anonymus - Keyboard piece - keyb</marc:subfield>
			<marc:subfield code="w">1001076512</marc:subfield>
		</marc:datafield>
		<marc:datafield tag="774" ind1="1" ind2="8">
			<marc:subfield code="a">Anonymus - Keyboard piece - keyb</marc:subfield>
			<marc:subfield code="w">1001076515</marc:subfield>
		</marc:datafield>
		<marc:datafield tag="774" ind1="1" ind2="8">
			<marc:subfield code="a">Anonymus - Keyboard piece - keyb</marc:subfield>
			<marc:subfield code="w">1001076516</marc:subfield>
		</marc:datafield>
		<marc:datafield tag="774" ind1="1" ind2="8">
			<marc:subfield code="a">Anonymus - Keyboard piece - keyb</marc:subfield>
			<marc:subfield code="w">1001076517</marc:subfield>
		</marc:datafield>
		<marc:datafield tag="774" ind1="1" ind2="8">
			<marc:subfield code="a">Anonymus - Preambulum - keyb</marc:subfield>
			<marc:subfield code="w">1001076520</marc:subfield>
		</marc:datafield>
		<marc:datafield tag="774" ind1="1" ind2="8">
			<marc:subfield code="a">Anonymus - Preambulum - keyb</marc:subfield>
			<marc:subfield code="w">1001076523</marc:subfield>
		</marc:datafield>
		<marc:datafield tag="774" ind1="1" ind2="8">
			<marc:subfield code="a">Anonymus - Keyboard piece - keyb</marc:subfield>
			<marc:subfield code="w">1001076525</marc:subfield>
		</marc:datafield>
		<marc:datafield tag="774" ind1="1" ind2="8">
			<marc:subfield code="a">Anonymus - Keyboard piece - keyb</marc:subfield>
			<marc:subfield code="w">1001076529</marc:subfield>
		</marc:datafield>
		<marc:datafield tag="774" ind1="1" ind2="8">
			<marc:subfield code="a">Anonymus - Keyboard piece - keyb</marc:subfield>
			<marc:subfield code="w">1001076533</marc:subfield>
		</marc:datafield>
		<marc:datafield tag="774" ind1="1" ind2="8">
			<marc:subfield code="a">Anonymus - Keyboard piece - keyb</marc:subfield>
			<marc:subfield code="w">1001076539</marc:subfield>
		</marc:datafield>
		<marc:datafield tag="774" ind1="1" ind2="8">
			<marc:subfield code="a">Anonymus - Keyboard piece - keyb</marc:subfield>
			<marc:subfield code="w">1001076543</marc:subfield>
		</marc:datafield>
		<marc:datafield tag="774" ind1="1" ind2="8">
			<marc:subfield code="a">Anonymus - Keyboard piece - keyb</marc:subfield>
			<marc:subfield code="w">1001076554</marc:subfield>
		</marc:datafield>
		<marc:datafield tag="774" ind1="1" ind2="8">
			<marc:subfield code="a">Anonymus - Keyboard piece - keyb</marc:subfield>
			<marc:subfield code="w">1001076570</marc:subfield>
		</marc:datafield>
		<marc:datafield tag="774" ind1="1" ind2="8">
			<marc:subfield code="a">Anonymus - Keyboard piece - keyb</marc:subfield>
			<marc:subfield code="w">1001076817</marc:subfield>
		</marc:datafield>
		<marc:datafield tag="774" ind1="1" ind2="8">
			<marc:subfield code="a">Anonymus - Keyboard piece - keyb</marc:subfield>
			<marc:subfield code="w">1001076818</marc:subfield>
		</marc:datafield>
		<marc:datafield tag="774" ind1="1" ind2="8">
			<marc:subfield code="a">Anonymus - Keyboard piece - keyb</marc:subfield>
			<marc:subfield code="w">1001076819</marc:subfield>
		</marc:datafield>
		<marc:datafield tag="774" ind1="1" ind2="8">
			<marc:subfield code="a">Anonymus - Keyboard piece - keyb</marc:subfield>
			<marc:subfield code="w">1001076820</marc:subfield>
		</marc:datafield>
		<marc:datafield tag="774" ind1="1" ind2="8">
			<marc:subfield code="a">Anonymus - Keyboard pieces - keyb</marc:subfield>
			<marc:subfield code="w">1001076821</marc:subfield>
		</marc:datafield>
		<marc:datafield tag="774" ind1="1" ind2="8">
			<marc:subfield code="a">Anonymus - Keyboard piece - keyb</marc:subfield>
			<marc:subfield code="w">1001076832</marc:subfield>
		</marc:datafield>
		<marc:datafield tag="774" ind1="1" ind2="8">
			<marc:subfield code="a">Anonymus - Keyboard piece - keyb</marc:subfield>
			<marc:subfield code="w">1001076833</marc:subfield>
		</marc:datafield>
		<marc:datafield tag="774" ind1="1" ind2="8">
			<marc:subfield code="a">Anonymus - Keyboard piece - keyb</marc:subfield>
			<marc:subfield code="w">1001076836</marc:subfield>
		</marc:datafield>
		<marc:datafield tag="774" ind1="1" ind2="8">
			<marc:subfield code="a">Anonymus - Keyboard piece - keyb</marc:subfield>
			<marc:subfield code="w">1001076837</marc:subfield>
		</marc:datafield>
		<marc:datafield tag="774" ind1="1" ind2="8">
			<marc:subfield code="a">Anonymus - Keyboard piece - keyb</marc:subfield>
			<marc:subfield code="w">1001076838</marc:subfield>
		</marc:datafield>
		<marc:datafield tag="774" ind1="1" ind2="8">
			<marc:subfield code="a">Anonymus - Preambulum - keyb</marc:subfield>
			<marc:subfield code="w">1001076860</marc:subfield>
		</marc:datafield>
		<marc:datafield tag="774" ind1="1" ind2="8">
			<marc:subfield code="a">Anonymus - Preambulum - keyb</marc:subfield>
			<marc:subfield code="w">1001076862</marc:subfield>
		</marc:datafield>
		<marc:datafield tag="774" ind1="1" ind2="8">
			<marc:subfield code="a">Anonymus - Preambulum - keyb</marc:subfield>
			<marc:subfield code="w">1001076864</marc:subfield>
		</marc:datafield>
		<marc:datafield tag="774" ind1="1" ind2="8">
			<marc:subfield code="a">Anonymus - Keyboard piece - keyb</marc:subfield>
			<marc:subfield code="w">1001076865</marc:subfield>
		</marc:datafield>
		<marc:datafield tag="774" ind1="1" ind2="8">
			<marc:subfield code="a">Anonymus - Fuga - keyb</marc:subfield>
			<marc:subfield code="w">1001076867</marc:subfield>
		</marc:datafield>
		<marc:datafield tag="774" ind1="1" ind2="8">
			<marc:subfield code="a">Anonymus - Keyboard piece - keyb</marc:subfield>
			<marc:subfield code="w">1001076868</marc:subfield>
		</marc:datafield>
		<marc:datafield tag="774" ind1="1" ind2="8">
			<marc:subfield code="a">Anonymus - Prelude - keyb</marc:subfield>
			<marc:subfield code="w">1001076870</marc:subfield>
		</marc:datafield>
		<marc:datafield tag="774" ind1="1" ind2="8">
			<marc:subfield code="a">Anonymus - Preambulum - keyb</marc:subfield>
			<marc:subfield code="w">1001076872</marc:subfield>
		</marc:datafield>
		<marc:datafield tag="774" ind1="1" ind2="8">
			<marc:subfield code="a">Anonymus - Fantasia - keyb</marc:subfield>
			<marc:subfield code="w">1001076876</marc:subfield>
		</marc:datafield>
		<marc:datafield tag="774" ind1="1" ind2="8">
			<marc:subfield code="a">Anonymus - Fuga - keyb</marc:subfield>
			<marc:subfield code="w">1001076877</marc:subfield>
		</marc:datafield>
		<marc:datafield tag="774" ind1="1" ind2="8">
			<marc:subfield code="a">Anonymus - Fantasia - keyb</marc:subfield>
			<marc:subfield code="w">1001076910</marc:subfield>
		</marc:datafield>
		<marc:datafield tag="774" ind1="1" ind2="8">
			<marc:subfield code="a">Anonymus - Fuga - keyb</marc:subfield>
			<marc:subfield code="w">1001076911</marc:subfield>
		</marc:datafield>
		<marc:datafield tag="774" ind1="1" ind2="8">
			<marc:subfield code="a">Anonymus - Keyboard piece - keyb</marc:subfield>
			<marc:subfield code="w">1001076913</marc:subfield>
		</marc:datafield>
		<marc:datafield tag="774" ind1="1" ind2="8">
			<marc:subfield code="a">Anonymus - Keyboard piece - keyb</marc:subfield>
			<marc:subfield code="w">1001076916</marc:subfield>
		</marc:datafield>
		<marc:datafield tag="774" ind1="1" ind2="8">
			<marc:subfield code="a">Anonymus - Keyboard piece - keyb</marc:subfield>
			<marc:subfield code="w">1001076918</marc:subfield>
		</marc:datafield>
		<marc:datafield tag="774" ind1="1" ind2="8">
			<marc:subfield code="a">Anonymus - Keyboard piece - keyb</marc:subfield>
			<marc:subfield code="w">1001076919</marc:subfield>
		</marc:datafield>
		<marc:datafield tag="774" ind1="1" ind2="8">
			<marc:subfield code="a">Anonymus - Keyboard piece - keyb</marc:subfield>
			<marc:subfield code="w">1001076924</marc:subfield>
		</marc:datafield>
		<marc:datafield tag="774" ind1="1" ind2="8">
			<marc:subfield code="a">Anonymus - Keyboard piece - keyb</marc:subfield>
			<marc:subfield code="w">1001076927</marc:subfield>
		</marc:datafield>
		<marc:datafield tag="774" ind1="1" ind2="8">
			<marc:subfield code="a">Anonymus - Fuga - keyb</marc:subfield>
			<marc:subfield code="w">1001076928</marc:subfield>
		</marc:datafield>
		<marc:datafield tag="774" ind1="1" ind2="8">
			<marc:subfield code="a">Anonymus - Fuga - keyb</marc:subfield>
			<marc:subfield code="w">1001076933</marc:subfield>
		</marc:datafield>
		<marc:datafield tag="774" ind1="1" ind2="8">
			<marc:subfield code="a">Anonymus - Keyboard piece - keyb</marc:subfield>
			<marc:subfield code="w">1001077026</marc:subfield>
		</marc:datafield>
		<marc:datafield tag="774" ind1="1" ind2="8">
			<marc:subfield code="a">Anonymus - Keyboard piece - keyb</marc:subfield>
			<marc:subfield code="w">1001077028</marc:subfield>
		</marc:datafield>
		<marc:datafield tag="774" ind1="1" ind2="8">
			<marc:subfield code="a">Anonymus - Keyboard piece - keyb</marc:subfield>
			<marc:subfield code="w">1001077029</marc:subfield>
		</marc:datafield>
		<marc:datafield tag="774" ind1="1" ind2="8">
			<marc:subfield code="a">Anonymus - Fuga - keyb</marc:subfield>
			<marc:subfield code="w">1001077031</marc:subfield>
		</marc:datafield>
		<marc:datafield tag="774" ind1="1" ind2="8">
			<marc:subfield code="a">Anonymus - Keyboard piece - keyb</marc:subfield>
			<marc:subfield code="w">1001077032</marc:subfield>
		</marc:datafield>
		<marc:datafield tag="774" ind1="1" ind2="8">
			<marc:subfield code="a">Anonymus - Toccata - keyb</marc:subfield>
			<marc:subfield code="w">1001077033</marc:subfield>
		</marc:datafield>
		<marc:datafield tag="774" ind1="1" ind2="8">
			<marc:subfield code="a">Anonymus - Keyboard piece - keyb</marc:subfield>
			<marc:subfield code="w">1001077034</marc:subfield>
		</marc:datafield>
		<marc:datafield tag="774" ind1="1" ind2="8">
			<marc:subfield code="a">Anonymus - Keyboard piece - keyb</marc:subfield>
			<marc:subfield code="w">1001077035</marc:subfield>
		</marc:datafield>
		<marc:datafield tag="774" ind1="1" ind2="8">
			<marc:subfield code="a">Anonymus - Keyboard piece - keyb</marc:subfield>
			<marc:subfield code="w">1001077038</marc:subfield>
		</marc:datafield>
		<marc:datafield tag="774" ind1="1" ind2="8">
			<marc:subfield code="a">Anonymus - Ave stella matutina - keyb</marc:subfield>
			<marc:subfield code="w">1001087415</marc:subfield>
		</marc:datafield>
		<marc:datafield tag="774" ind1="1" ind2="8">
			<marc:subfield code="a">Anonymus - O gloriosa domina - keyb</marc:subfield>
			<marc:subfield code="w">1001087423</marc:subfield>
		</marc:datafield>
		<marc:datafield tag="774" ind1="1" ind2="8">
			<marc:subfield code="a">Anonymus - Witam cię witam królowo - keyb</marc:subfield>
			<marc:subfield code="w">1001087438</marc:subfield>
		</marc:datafield>
		<marc:datafield tag="774" ind1="1" ind2="8">
			<marc:subfield code="a">Anonymus - Stella caeli - keyb</marc:subfield>
			<marc:subfield code="w">1001087439</marc:subfield>
		</marc:datafield>
		<marc:datafield tag="774" ind1="1" ind2="8">
			<marc:subfield code="a">Anonymus - Najwyższa Matko wcielonego Boga - keyb</marc:subfield>
			<marc:subfield code="w">1001087442</marc:subfield>
		</marc:datafield>
		<marc:datafield tag="774" ind1="1" ind2="8">
			<marc:subfield code="a">Anonymus - Sanctissima Mater Dei - keyb</marc:subfield>
			<marc:subfield code="w">1001087446</marc:subfield>
		</marc:datafield>
		<marc:datafield tag="774" ind1="1" ind2="8">
			<marc:subfield code="a">Anonymus - Omni die dic Mariae - keyb</marc:subfield>
			<marc:subfield code="w">1001087449</marc:subfield>
		</marc:datafield>
		<marc:datafield tag="774" ind1="1" ind2="8">
			<marc:subfield code="a">Anonymus - Ave mundi spes Maria - keyb</marc:subfield>
			<marc:subfield code="w">1001087450</marc:subfield>
		</marc:datafield>
		<marc:datafield tag="774" ind1="1" ind2="8">
			<marc:subfield code="a">Anonymus - Ave maris stella - keyb</marc:subfield>
			<marc:subfield code="w">1001087452</marc:subfield>
		</marc:datafield>
		<marc:datafield tag="774" ind1="1" ind2="8">
			<marc:subfield code="a">Anonymus - O Maryja cna Dziewica - keyb</marc:subfield>
			<marc:subfield code="w">1001087453</marc:subfield>
		</marc:datafield>
		<marc:datafield tag="774" ind1="1" ind2="8">
			<marc:subfield code="a">Anonymus - Witaj Królowo nieba - keyb</marc:subfield>
			<marc:subfield code="w">1001087455</marc:subfield>
		</marc:datafield>
		<marc:datafield tag="774" ind1="1" ind2="8">
			<marc:subfield code="a">Anonymus - Ojcze Boże - keyb</marc:subfield>
			<marc:subfield code="w">1001087457</marc:subfield>
		</marc:datafield>
		<marc:datafield tag="774" ind1="1" ind2="8">
			<marc:subfield code="a">Anonymus - Jezu Chryste Panie miły - keyb</marc:subfield>
			<marc:subfield code="w">1001087461</marc:subfield>
		</marc:datafield>
		<marc:datafield tag="774" ind1="1" ind2="8">
			<marc:subfield code="a">Anonymus - O duszo wszelka - keyb</marc:subfield>
			<marc:subfield code="w">1001087526</marc:subfield>
		</marc:datafield>
		<marc:datafield tag="774" ind1="1" ind2="8">
			<marc:subfield code="a">Anonymus - Rozmyślajmy dziś wierni chrześcijanie - keyb</marc:subfield>
			<marc:subfield code="w">1001087531</marc:subfield>
		</marc:datafield>
		<marc:datafield tag="774" ind1="1" ind2="8">
			<marc:subfield code="a">Anonymus - Stabat mater - keyb</marc:subfield>
			<marc:subfield code="w">1001087537</marc:subfield>
		</marc:datafield>
		<marc:datafield tag="774" ind1="1" ind2="8">
			<marc:subfield code="a">Anonymus - Gdy cię na krzyżu widzę - keyb</marc:subfield>
			<marc:subfield code="w">1001087542</marc:subfield>
		</marc:datafield>
		<marc:datafield tag="774" ind1="1" ind2="8">
			<marc:subfield code="a">Anonymus - Gorzkie żale przybywajcie - Arr; keyb</marc:subfield>
			<marc:subfield code="w">1001087543</marc:subfield>
		</marc:datafield>
		<marc:datafield tag="774" ind1="1" ind2="8">
			<marc:subfield code="a">Anonymus - Keyboard piece - keyb</marc:subfield>
			<marc:subfield code="w">1001087582</marc:subfield>
		</marc:datafield>
		<marc:datafield tag="774" ind1="1" ind2="8">
			<marc:subfield code="a">Anonymus - Krzyżu święty - keyb</marc:subfield>
			<marc:subfield code="w">1001087584</marc:subfield>
		</marc:datafield>
		<marc:datafield tag="774" ind1="1" ind2="8">
			<marc:subfield code="a">Anonymus - Płaczże dzisiaj duszo wszelka - keyb</marc:subfield>
			<marc:subfield code="w">1001087585</marc:subfield>
		</marc:datafield>
		<marc:datafield tag="774" ind1="1" ind2="8">
			<marc:subfield code="a">Anonymus - Qui passus est - keyb</marc:subfield>
			<marc:subfield code="w">1001087587</marc:subfield>
		</marc:datafield>
		<marc:datafield tag="774" ind1="1" ind2="8">
			<marc:subfield code="a">Anonymus - Patrem omnipotentem - keyb</marc:subfield>
			<marc:subfield code="w">1001100398</marc:subfield>
		</marc:datafield>
		<marc:datafield tag="774" ind1="1" ind2="8">
			<marc:subfield code="a">Anonymus - Patrem omnipotentem - keyb</marc:subfield>
			<marc:subfield code="w">1001100399</marc:subfield>
		</marc:datafield>
		<marc:datafield tag="774" ind1="1" ind2="8">
			<marc:subfield code="a">Anonymus - Tobie nad pomysł - keyb</marc:subfield>
			<marc:subfield code="w">1001100405</marc:subfield>
		</marc:datafield>
		<marc:datafield tag="774" ind1="1" ind2="8">
			<marc:subfield code="a">Anonymus - Benedixisti Domine terram - keyb</marc:subfield>
			<marc:subfield code="w">1001100416</marc:subfield>
		</marc:datafield>
		<marc:datafield tag="774" ind1="1" ind2="8">
			<marc:subfield code="a">Anonymus - Keyboard piece - keyb</marc:subfield>
			<marc:subfield code="w">1001123664</marc:subfield>
		</marc:datafield>
		<marc:datafield tag="774" ind1="1" ind2="8">
			<marc:subfield code="a">Anonymus - Mass - Excerpts; keyb</marc:subfield>
			<marc:subfield code="w">1001265016</marc:subfield>
		</marc:datafield>
		<marc:datafield tag="774" ind1="1" ind2="8">
			<marc:subfield code="a">Anonymus - Mass - keyb</marc:subfield>
			<marc:subfield code="w">1001087589</marc:subfield>
		</marc:datafield>
		<marc:datafield tag="852" ind1=" " ind2=" ">
			<marc:subfield code="a">PL-SA</marc:subfield>
			<marc:subfield code="c">L 1636</marc:subfield>
			<marc:subfield code="e">Biblioteka Diecezjalna w Sandomierzu</marc:subfield>
			<marc:subfield code="x">30003584</marc:subfield>
		</marc:datafield>
		<marc:datafield tag="980" ind1=" " ind2=" ">
			<marc:subfield code="a">RISM</marc:subfield>
			<marc:subfield code="c">examined</marc:subfield>
		</marc:datafield>
	</marc:record>