

	<marc:record>
		<marc:leader>00000ndd a2200000 u 4500</marc:leader>
		<marc:controlfield tag="001">1001087542</marc:controlfield>
		<marc:controlfield tag="003">DE-633</marc:controlfield>
		<marc:datafield tag="031" ind1=" " ind2=" ">
			<marc:subfield code="a">1</marc:subfield>
			<marc:subfield code="b">1</marc:subfield>
			<marc:subfield code="c">1</marc:subfield>
			<marc:subfield code="g">C-1</marc:subfield>
			<marc:subfield code="m">keyb</marc:subfield>
			<marc:subfield code="o">c/</marc:subfield>
			<marc:subfield code="p">2&#39;&#39;C4&#39;&#39;C&#39;B/4.A8B2xG/4.&#39;&#39;C8C4D{8EF}/2D&#39;4B&#39;&#39;C/2&#39;B{8AB}4G/</marc:subfield>
			<marc:subfield code="r">a</marc:subfield>
			<marc:subfield code="2">pe</marc:subfield>
		</marc:datafield>
		<marc:datafield tag="040" ind1=" " ind2=" ">
			<marc:subfield code="a">DE-633</marc:subfield>
			<marc:subfield code="b">eng</marc:subfield>
		</marc:datafield>
		<marc:datafield tag="100" ind1="1" ind2=" ">
			<marc:subfield code="a">Anonymus</marc:subfield>
			<marc:subfield code="0">30004985</marc:subfield>
		</marc:datafield>
		<marc:datafield tag="240" ind1="1" ind2="0">
			<marc:subfield code="a">Gdy cię na krzyżu widzę</marc:subfield>
			<marc:subfield code="m">keyb</marc:subfield>
			<marc:subfield code="r">a</marc:subfield>
			<marc:subfield code="0">5035685</marc:subfield>
		</marc:datafield>
		<marc:datafield tag="245" ind1="1" ind2="0">
			<marc:subfield code="a">[caption title:] Gdy cię na krzyzu [When you on the Cross]</marc:subfield>
		</marc:datafield>
		<marc:datafield tag="300" ind1=" " ind2=" ">
			<marc:subfield code="a">1 part</marc:subfield>
			<marc:subfield code="8">01</marc:subfield>
		</marc:datafield>
		<marc:datafield tag="500" ind1=" " ind2=" ">
			<marc:subfield code="a">Concordances to RISM ID 1001099673 (PL-SA L 1669; b part), 1001077435 (PL-SA 406/A VIII 46; b part), 1001061680 (372/A VIII 12; vocal-instrumental piece).</marc:subfield>
		</marc:datafield>
		<marc:datafield tag="500" ind1=" " ind2=" ">
			<marc:subfield code="a">Concordance to PL-STAb St G.</marc:subfield>
		</marc:datafield>
		<marc:datafield tag="590" ind1=" " ind2=" ">
			<marc:subfield code="a">keyb</marc:subfield>
			<marc:subfield code="b">f. 53r</marc:subfield>
			<marc:subfield code="8">01</marc:subfield>
		</marc:datafield>
		<marc:datafield tag="593" ind1=" " ind2=" ">
			<marc:subfield code="a">Manuscript copy</marc:subfield>
			<marc:subfield code="b">Notated music</marc:subfield>
			<marc:subfield code="8">01</marc:subfield>
		</marc:datafield>
		<marc:datafield tag="594" ind1=" " ind2=" ">
			<marc:subfield code="b">keyb</marc:subfield>
			<marc:subfield code="c">1</marc:subfield>
		</marc:datafield>
		<marc:datafield tag="594" ind1=" " ind2=" ">
			<marc:subfield code="a">keyb</marc:subfield>
		</marc:datafield>
		<marc:datafield tag="599" ind1=" " ind2=" ">
			<marc:subfield code="b">full</marc:subfield>
		</marc:datafield>
		<marc:datafield tag="650" ind1="0" ind2="7">
			<marc:subfield code="a">Keyboard pieces</marc:subfield>
			<marc:subfield code="0">3000134</marc:subfield>
		</marc:datafield>
		<marc:datafield tag="650" ind1="0" ind2="7">
			<marc:subfield code="a">Sacred songs</marc:subfield>
			<marc:subfield code="0">25250</marc:subfield>
		</marc:datafield>
		<marc:datafield tag="650" ind1="0" ind2="7">
			<marc:subfield code="a">Arrangements</marc:subfield>
			<marc:subfield code="0">25507</marc:subfield>
		</marc:datafield>
		<marc:datafield tag="773" ind1="1" ind2="8">
			<marc:subfield code="a"> - 117 Keyboard pieces - keyb</marc:subfield>
			<marc:subfield code="w">1001076163</marc:subfield>
		</marc:datafield>
		<marc:datafield tag="852" ind1=" " ind2=" ">
			<marc:subfield code="a">PL-SA</marc:subfield>
			<marc:subfield code="c">L 1636</marc:subfield>
			<marc:subfield code="e">Biblioteka Diecezjalna w Sandomierzu</marc:subfield>
			<marc:subfield code="x">30003584</marc:subfield>
		</marc:datafield>
		<marc:datafield tag="980" ind1=" " ind2=" ">
			<marc:subfield code="a">RISM</marc:subfield>
			<marc:subfield code="c">examined</marc:subfield>
		</marc:datafield>
	</marc:record>