

	<marc:record>
		<marc:leader>00000ndc a2200000 u 4500</marc:leader>
		<marc:controlfield tag="001">1001065337</marc:controlfield>
		<marc:controlfield tag="003">DE-633</marc:controlfield>
		<marc:datafield tag="040" ind1=" " ind2=" ">
			<marc:subfield code="a">DE-633</marc:subfield>
			<marc:subfield code="b">eng</marc:subfield>
		</marc:datafield>
		<marc:datafield tag="041" ind1="0" ind2=" ">
			<marc:subfield code="a">lat</marc:subfield>
			<marc:subfield code="a">pol</marc:subfield>
		</marc:datafield>
		<marc:datafield tag="130" ind1="0" ind2=" ">
			<marc:subfield code="a">35 Sacred songs</marc:subfield>
			<marc:subfield code="m">V (3-4)</marc:subfield>
			<marc:subfield code="0">3929173</marc:subfield>
		</marc:datafield>
		<marc:datafield tag="245" ind1="1" ind2="0">
			<marc:subfield code="a">[without title]</marc:subfield>
		</marc:datafield>
		<marc:datafield tag="260" ind1=" " ind2=" ">
			<marc:subfield code="c">ca. 1720</marc:subfield>
			<marc:subfield code="8">01</marc:subfield>
		</marc:datafield>
		<marc:datafield tag="300" ind1=" " ind2=" ">
			<marc:subfield code="a">4 parts</marc:subfield>
			<marc:subfield code="c">17,5 x 21,5 cm</marc:subfield>
			<marc:subfield code="8">01</marc:subfield>
		</marc:datafield>
		<marc:datafield tag="500" ind1=" " ind2=" ">
			<marc:subfield code="a">There are 8 partbooks included under the shelfmark L 1642. In fact they form two separate four-partbook sets. Each set consists of S 1, 2, 3 and B parts. The first set (here labelled as L 1642[a]) contains sacred songs for Advent, Christmas and in honour of Mary and Saint Benedict.</marc:subfield>
			<marc:subfield code="8">01</marc:subfield>
		</marc:datafield>
		<marc:datafield tag="500" ind1=" " ind2=" ">
			<marc:subfield code="a">Inscriptions on the first pages of the partbooks: &quot;Canto 1.&quot;, &quot;Canto 2do&quot;, &quot;3. Vox&quot;, &quot;Basso&quot;.</marc:subfield>
		</marc:datafield>
		<marc:datafield tag="500" ind1=" " ind2=" ">
			<marc:subfield code="a">An evening prayer &quot;Dobra noc P[anu] Jezusowi&quot; [Goodnight to Lord Jesus] written on S 1 p. 58.</marc:subfield>
		</marc:datafield>
		<marc:datafield tag="500" ind1=" " ind2=" ">
			<marc:subfield code="a">A shelfmark stamped on the round white piece of paper glued to the first pages of all the partbooks.</marc:subfield>
		</marc:datafield>
		<marc:datafield tag="563" ind1=" " ind2=" ">
			<marc:subfield code="a">The partbooks bound in a soft cardboard covered in brown leather with delicate blind embossing on the front and back cover. In addition, on the L 1642[a] also a floral silver embossing, distinguishing it from L 1642[b]. On the front cover of all of L 1642[a] partbooks the small clear strips of paper sticked with inscriptions: &quot;Primus&quot;, &quot;Secundus&quot;, &quot;Tertius&quot;, &quot;Bassus&quot;.</marc:subfield>
			<marc:subfield code="8">01</marc:subfield>
		</marc:datafield>
		<marc:datafield tag="590" ind1=" " ind2=" ">
			<marc:subfield code="a">S 1, 2, 3, B</marc:subfield>
			<marc:subfield code="b">58, 64, 50, 58 p.</marc:subfield>
			<marc:subfield code="8">01</marc:subfield>
		</marc:datafield>
		<marc:datafield tag="593" ind1=" " ind2=" ">
			<marc:subfield code="a">Manuscript copy</marc:subfield>
			<marc:subfield code="b">Notated music</marc:subfield>
			<marc:subfield code="8">01</marc:subfield>
		</marc:datafield>
		<marc:datafield tag="594" ind1=" " ind2=" ">
			<marc:subfield code="b">S</marc:subfield>
			<marc:subfield code="c">3</marc:subfield>
		</marc:datafield>
		<marc:datafield tag="594" ind1=" " ind2=" ">
			<marc:subfield code="b">B</marc:subfield>
			<marc:subfield code="c">1</marc:subfield>
		</marc:datafield>
		<marc:datafield tag="594" ind1=" " ind2=" ">
			<marc:subfield code="a">S (3), B</marc:subfield>
		</marc:datafield>
		<marc:datafield tag="599" ind1=" " ind2=" ">
			<marc:subfield code="b">full</marc:subfield>
		</marc:datafield>
		<marc:datafield tag="650" ind1="0" ind2="7">
			<marc:subfield code="a">Sacred songs</marc:subfield>
			<marc:subfield code="0">25250</marc:subfield>
		</marc:datafield>
		<marc:datafield tag="691" ind1=" " ind2="7">
			<marc:subfield code="a">Walter-MazurF 2014</marc:subfield>
			<marc:subfield code="n">p. 213-216</marc:subfield>
			<marc:subfield code="0">41001147</marc:subfield>
		</marc:datafield>
		<marc:datafield tag="691" ind1=" " ind2="7">
			<marc:subfield code="a">Walter-MazurM 2018</marc:subfield>
			<marc:subfield code="n">p. 205-209</marc:subfield>
			<marc:subfield code="0">41001944</marc:subfield>
		</marc:datafield>
		<marc:datafield tag="691" ind1=" " ind2="7">
			<marc:subfield code="a">TrościńskiR 2014</marc:subfield>
			<marc:subfield code="n">p. 225-249</marc:subfield>
			<marc:subfield code="0">41002005</marc:subfield>
		</marc:datafield>
		<marc:datafield tag="691" ind1=" " ind2="7">
			<marc:subfield code="a">KonikM 2016</marc:subfield>
			<marc:subfield code="n">p. 58-61</marc:subfield>
			<marc:subfield code="0">41001126</marc:subfield>
		</marc:datafield>
		<marc:datafield tag="691" ind1=" " ind2="7">
			<marc:subfield code="a">ŚwierczekK 1958</marc:subfield>
			<marc:subfield code="n">p. 123-127</marc:subfield>
			<marc:subfield code="0">41002006</marc:subfield>
		</marc:datafield>
		<marc:datafield tag="700" ind1="1" ind2=" ">
			<marc:subfield code="a">Bratysiewiczówna, Zofia</marc:subfield>
			<marc:subfield code="d">1673c-1730</marc:subfield>
			<marc:subfield code="j">Conjectural</marc:subfield>
			<marc:subfield code="0">41010089</marc:subfield>
			<marc:subfield code="4">scr</marc:subfield>
		</marc:datafield>
		<marc:datafield tag="710" ind1="2" ind2=" ">
			<marc:subfield code="a">Klasztor Benedyktynek w Sandomierzu</marc:subfield>
			<marc:subfield code="c">Sandomierz</marc:subfield>
			<marc:subfield code="g">Ascertained</marc:subfield>
			<marc:subfield code="0">51000713</marc:subfield>
			<marc:subfield code="4">fmo</marc:subfield>
		</marc:datafield>
		<marc:datafield tag="774" ind1="1" ind2="8">
			<marc:subfield code="a">Anonymus - Omni die dic Mariae - V (4)</marc:subfield>
			<marc:subfield code="w">1001065341</marc:subfield>
		</marc:datafield>
		<marc:datafield tag="774" ind1="1" ind2="8">
			<marc:subfield code="a">Anonymus - Ave maris stella - V (3)</marc:subfield>
			<marc:subfield code="w">1001065342</marc:subfield>
		</marc:datafield>
		<marc:datafield tag="774" ind1="1" ind2="8">
			<marc:subfield code="a">Anonymus - Ave stella matutina - V (4)</marc:subfield>
			<marc:subfield code="w">1001065343</marc:subfield>
		</marc:datafield>
		<marc:datafield tag="774" ind1="1" ind2="8">
			<marc:subfield code="a">Anonymus - Sanctissima Mater Dei - V (4)</marc:subfield>
			<marc:subfield code="w">1001065346</marc:subfield>
		</marc:datafield>
		<marc:datafield tag="774" ind1="1" ind2="8">
			<marc:subfield code="a">Anonymus - O Matko miłościwa - V (4)</marc:subfield>
			<marc:subfield code="w">1001065348</marc:subfield>
		</marc:datafield>
		<marc:datafield tag="774" ind1="1" ind2="8">
			<marc:subfield code="a">Anonymus - Ziemia ożyła - V (3)</marc:subfield>
			<marc:subfield code="w">1001065349</marc:subfield>
		</marc:datafield>
		<marc:datafield tag="774" ind1="1" ind2="8">
			<marc:subfield code="a">Anonymus - Najwyższa Matko wcielonego Boga - V (3)</marc:subfield>
			<marc:subfield code="w">1001065350</marc:subfield>
		</marc:datafield>
		<marc:datafield tag="774" ind1="1" ind2="8">
			<marc:subfield code="a">Anonymus - Przenajświętsza królowa - V (4)</marc:subfield>
			<marc:subfield code="w">1001065354</marc:subfield>
		</marc:datafield>
		<marc:datafield tag="774" ind1="1" ind2="8">
			<marc:subfield code="a">Anonymus - Tobie nad pomysł - V (4)</marc:subfield>
			<marc:subfield code="w">1001065355</marc:subfield>
		</marc:datafield>
		<marc:datafield tag="774" ind1="1" ind2="8">
			<marc:subfield code="a">Anonymus - Głos wdzięczny z nieba - V (4)</marc:subfield>
			<marc:subfield code="w">1001065357</marc:subfield>
		</marc:datafield>
		<marc:datafield tag="774" ind1="1" ind2="8">
			<marc:subfield code="a">Anonymus - Urząd zbawienia ludzkiego - V (4)</marc:subfield>
			<marc:subfield code="w">1001065360</marc:subfield>
		</marc:datafield>
		<marc:datafield tag="774" ind1="1" ind2="8">
			<marc:subfield code="a">Anonymus - Gwiazdo morza głębokiego - V (3)</marc:subfield>
			<marc:subfield code="w">1001065361</marc:subfield>
		</marc:datafield>
		<marc:datafield tag="774" ind1="1" ind2="8">
			<marc:subfield code="a">Anonymus - Królewnie wiecznej - V (4)</marc:subfield>
			<marc:subfield code="w">1001065363</marc:subfield>
		</marc:datafield>
		<marc:datafield tag="774" ind1="1" ind2="8">
			<marc:subfield code="a">Anonymus - Córki syjońskie - V (4)</marc:subfield>
			<marc:subfield code="w">1001065364</marc:subfield>
		</marc:datafield>
		<marc:datafield tag="774" ind1="1" ind2="8">
			<marc:subfield code="a">Anonymus - Ecce Dominus veniet - V (4)</marc:subfield>
			<marc:subfield code="w">1001065365</marc:subfield>
		</marc:datafield>
		<marc:datafield tag="774" ind1="1" ind2="8">
			<marc:subfield code="a">Anonymus - Salve parvule, dzieciątko dostojne - V (4)</marc:subfield>
			<marc:subfield code="w">1001065367</marc:subfield>
		</marc:datafield>
		<marc:datafield tag="774" ind1="1" ind2="8">
			<marc:subfield code="a">Anonymus - Angelus pastoribus - V (4)</marc:subfield>
			<marc:subfield code="w">1001065369</marc:subfield>
		</marc:datafield>
		<marc:datafield tag="774" ind1="1" ind2="8">
			<marc:subfield code="a">Anonymus - Annuntio vobis quod natus est - V (4)</marc:subfield>
			<marc:subfield code="w">1001065370</marc:subfield>
		</marc:datafield>
		<marc:datafield tag="774" ind1="1" ind2="8">
			<marc:subfield code="a">Anonymus - Śpijże Dziecię malusieńkie - V (3)</marc:subfield>
			<marc:subfield code="w">1001065371</marc:subfield>
		</marc:datafield>
		<marc:datafield tag="774" ind1="1" ind2="8">
			<marc:subfield code="a">Anonymus - Resonet in laudibus - V (4)</marc:subfield>
			<marc:subfield code="w">1001065373</marc:subfield>
		</marc:datafield>
		<marc:datafield tag="774" ind1="1" ind2="8">
			<marc:subfield code="a">Anonymus - Cur flos Jesu dulcis - V (4)</marc:subfield>
			<marc:subfield code="w">1001065375</marc:subfield>
		</marc:datafield>
		<marc:datafield tag="774" ind1="1" ind2="8">
			<marc:subfield code="a">Anonymus - Psallite senes - V (4)</marc:subfield>
			<marc:subfield code="w">1001065376</marc:subfield>
		</marc:datafield>
		<marc:datafield tag="774" ind1="1" ind2="8">
			<marc:subfield code="a">Anonymus - Puer nobis nascitur - V (3)</marc:subfield>
			<marc:subfield code="w">1001065378</marc:subfield>
		</marc:datafield>
		<marc:datafield tag="774" ind1="1" ind2="8">
			<marc:subfield code="a">Anonymus - Puer natus - V (3)</marc:subfield>
			<marc:subfield code="w">1001065379</marc:subfield>
		</marc:datafield>
		<marc:datafield tag="774" ind1="1" ind2="8">
			<marc:subfield code="a">Anonymus - Nie chwalcie dziś - V (4)</marc:subfield>
			<marc:subfield code="w">1001065380</marc:subfield>
		</marc:datafield>
		<marc:datafield tag="774" ind1="1" ind2="8">
			<marc:subfield code="a">Anonymus - Angelus ad pastores ait - V (4)</marc:subfield>
			<marc:subfield code="w">1001065381</marc:subfield>
		</marc:datafield>
		<marc:datafield tag="774" ind1="1" ind2="8">
			<marc:subfield code="a">Anonymus - Quem vidistis pastores - V (4)</marc:subfield>
			<marc:subfield code="w">1001065382</marc:subfield>
		</marc:datafield>
		<marc:datafield tag="774" ind1="1" ind2="8">
			<marc:subfield code="a">Anonymus - Hodie Christus natus est - V (4)</marc:subfield>
			<marc:subfield code="w">1001065383</marc:subfield>
		</marc:datafield>
		<marc:datafield tag="774" ind1="1" ind2="8">
			<marc:subfield code="a">Anonymus - Witaj Jezu ukochany - V (3)</marc:subfield>
			<marc:subfield code="w">1001065384</marc:subfield>
		</marc:datafield>
		<marc:datafield tag="774" ind1="1" ind2="8">
			<marc:subfield code="a">Anonymus - Natus est parvulus hodie - V (3)</marc:subfield>
			<marc:subfield code="w">1001065385</marc:subfield>
		</marc:datafield>
		<marc:datafield tag="774" ind1="1" ind2="8">
			<marc:subfield code="a">Anonymus - Dicite nobis pastores - V (3)</marc:subfield>
			<marc:subfield code="w">1001065386</marc:subfield>
		</marc:datafield>
		<marc:datafield tag="774" ind1="1" ind2="8">
			<marc:subfield code="a">Anonymus - Decantemus hodie - V (3)</marc:subfield>
			<marc:subfield code="w">1001065387</marc:subfield>
		</marc:datafield>
		<marc:datafield tag="774" ind1="1" ind2="8">
			<marc:subfield code="a">Anonymus - Zginąć nie mogę - V (4)</marc:subfield>
			<marc:subfield code="w">1001065388</marc:subfield>
		</marc:datafield>
		<marc:datafield tag="774" ind1="1" ind2="8">
			<marc:subfield code="a">Anonymus - Ave Pater benedicte - V (4)</marc:subfield>
			<marc:subfield code="w">1001065389</marc:subfield>
		</marc:datafield>
		<marc:datafield tag="852" ind1=" " ind2=" ">
			<marc:subfield code="a">PL-SA</marc:subfield>
			<marc:subfield code="c">L 1642[a]</marc:subfield>
			<marc:subfield code="e">Biblioteka Diecezjalna w Sandomierzu</marc:subfield>
			<marc:subfield code="x">30003584</marc:subfield>
		</marc:datafield>
		<marc:datafield tag="980" ind1=" " ind2=" ">
			<marc:subfield code="a">RISM</marc:subfield>
			<marc:subfield code="c">examined</marc:subfield>
		</marc:datafield>
	</marc:record>