

	<marc:record>
		<marc:leader>00000ndc a2200000 u 4500</marc:leader>
		<marc:controlfield tag="001">1001066359</marc:controlfield>
		<marc:controlfield tag="003">DE-633</marc:controlfield>
		<marc:datafield tag="040" ind1=" " ind2=" ">
			<marc:subfield code="a">DE-633</marc:subfield>
			<marc:subfield code="b">eng</marc:subfield>
		</marc:datafield>
		<marc:datafield tag="041" ind1="0" ind2=" ">
			<marc:subfield code="a">pol</marc:subfield>
			<marc:subfield code="a">lat</marc:subfield>
		</marc:datafield>
		<marc:datafield tag="130" ind1="0" ind2=" ">
			<marc:subfield code="a">39 Sacred songs</marc:subfield>
			<marc:subfield code="m">V (3-4)</marc:subfield>
			<marc:subfield code="0">3946877</marc:subfield>
		</marc:datafield>
		<marc:datafield tag="245" ind1="1" ind2="0">
			<marc:subfield code="a">[without title]</marc:subfield>
		</marc:datafield>
		<marc:datafield tag="260" ind1=" " ind2=" ">
			<marc:subfield code="c">1721</marc:subfield>
			<marc:subfield code="8">01</marc:subfield>
		</marc:datafield>
		<marc:datafield tag="300" ind1=" " ind2=" ">
			<marc:subfield code="a">4 parts</marc:subfield>
			<marc:subfield code="c">17,5 x 21,5 cm</marc:subfield>
			<marc:subfield code="8">01</marc:subfield>
		</marc:datafield>
		<marc:datafield tag="500" ind1=" " ind2=" ">
			<marc:subfield code="a">There are 8 partbooks included under the shelfmark L 1642. In fact they form two separate four-partbook sets. Each set consists of S 1, 2, 3 and B parts.The second set (here labelled as L 1642[b]) contains sacred songs for Lent, Easter, the Feast of Corpus Christi, songs for Sunday and in honour of saints.</marc:subfield>
			<marc:subfield code="8">01</marc:subfield>
		</marc:datafield>
		<marc:datafield tag="500" ind1=" " ind2=" ">
			<marc:subfield code="a">Inscriptions on the first pages of the partbooks:&quot;Canto Primo&quot;, &quot;Canto 2do&quot;, &quot;3. Voce&quot;, &quot;Basso&quot;.</marc:subfield>
		</marc:datafield>
		<marc:datafield tag="500" ind1=" " ind2=" ">
			<marc:subfield code="a">Inscription on the title page of S 1 part: &quot;Ad Maiorem Dei Gloriam | et Honorem S[an]cti Patris Benedicti | et Omnium Sanctorum | Anno D[omi]ni 1.7.21 | Canto Primo.&quot;.</marc:subfield>
		</marc:datafield>
		<marc:datafield tag="500" ind1=" " ind2=" ">
			<marc:subfield code="a">A shelfmark stamped on the round white piece of paper glued to the first pages of all the partbooks.</marc:subfield>
		</marc:datafield>
		<marc:datafield tag="563" ind1=" " ind2=" ">
			<marc:subfield code="a">Each of the partbooks is bound in soft cardboard covered in brown leather with delicate blind embossing on the front and back cover. On the front cover of the all of L 1642[b] partbooks the small clear strips of paper sticked with inscriptions: &quot;1&quot;, &quot;2&quot;, &quot;3&quot;, &quot;4&quot;.</marc:subfield>
			<marc:subfield code="8">01</marc:subfield>
		</marc:datafield>
		<marc:datafield tag="590" ind1=" " ind2=" ">
			<marc:subfield code="a">S 1, 2, 3, B</marc:subfield>
			<marc:subfield code="b">64, 64, 64, 64 p.</marc:subfield>
			<marc:subfield code="8">01</marc:subfield>
		</marc:datafield>
		<marc:datafield tag="593" ind1=" " ind2=" ">
			<marc:subfield code="a">Manuscript copy</marc:subfield>
			<marc:subfield code="b">Notated music</marc:subfield>
			<marc:subfield code="8">01</marc:subfield>
		</marc:datafield>
		<marc:datafield tag="594" ind1=" " ind2=" ">
			<marc:subfield code="b">S</marc:subfield>
			<marc:subfield code="c">3</marc:subfield>
		</marc:datafield>
		<marc:datafield tag="594" ind1=" " ind2=" ">
			<marc:subfield code="b">B</marc:subfield>
			<marc:subfield code="c">1</marc:subfield>
		</marc:datafield>
		<marc:datafield tag="594" ind1=" " ind2=" ">
			<marc:subfield code="a">S (3), B</marc:subfield>
		</marc:datafield>
		<marc:datafield tag="599" ind1=" " ind2=" ">
			<marc:subfield code="b">full</marc:subfield>
		</marc:datafield>
		<marc:datafield tag="650" ind1="0" ind2="7">
			<marc:subfield code="a">Sacred songs</marc:subfield>
			<marc:subfield code="0">25250</marc:subfield>
		</marc:datafield>
		<marc:datafield tag="691" ind1=" " ind2="7">
			<marc:subfield code="a">Walter-MazurM 2018</marc:subfield>
			<marc:subfield code="n">p. 205-209</marc:subfield>
			<marc:subfield code="0">41001944</marc:subfield>
		</marc:datafield>
		<marc:datafield tag="691" ind1=" " ind2="7">
			<marc:subfield code="a">KonikM 2016</marc:subfield>
			<marc:subfield code="n">p. 58-61</marc:subfield>
			<marc:subfield code="0">41001126</marc:subfield>
		</marc:datafield>
		<marc:datafield tag="691" ind1=" " ind2="7">
			<marc:subfield code="a">Walter-MazurF 2014</marc:subfield>
			<marc:subfield code="n">p. 213-216</marc:subfield>
			<marc:subfield code="0">41001147</marc:subfield>
		</marc:datafield>
		<marc:datafield tag="691" ind1=" " ind2="7">
			<marc:subfield code="a">TrościńskiR 2014</marc:subfield>
			<marc:subfield code="n">p. 225-249</marc:subfield>
			<marc:subfield code="0">41002005</marc:subfield>
		</marc:datafield>
		<marc:datafield tag="691" ind1=" " ind2="7">
			<marc:subfield code="a">ŚwierczekK 1958</marc:subfield>
			<marc:subfield code="n">p. 123-127</marc:subfield>
			<marc:subfield code="0">41002006</marc:subfield>
		</marc:datafield>
		<marc:datafield tag="700" ind1="1" ind2=" ">
			<marc:subfield code="a">Bratysiewiczówna, Zofia</marc:subfield>
			<marc:subfield code="d">1673c-1730</marc:subfield>
			<marc:subfield code="j">Conjectural</marc:subfield>
			<marc:subfield code="0">41010089</marc:subfield>
			<marc:subfield code="4">scr</marc:subfield>
		</marc:datafield>
		<marc:datafield tag="710" ind1="2" ind2=" ">
			<marc:subfield code="a">Klasztor Benedyktynek w Sandomierzu</marc:subfield>
			<marc:subfield code="c">Sandomierz</marc:subfield>
			<marc:subfield code="g">Ascertained</marc:subfield>
			<marc:subfield code="0">51000713</marc:subfield>
			<marc:subfield code="4">fmo</marc:subfield>
		</marc:datafield>
		<marc:datafield tag="774" ind1="1" ind2="8">
			<marc:subfield code="a">Anonymus - Żałosna Matko - V (4)</marc:subfield>
			<marc:subfield code="w">1001066419</marc:subfield>
		</marc:datafield>
		<marc:datafield tag="774" ind1="1" ind2="8">
			<marc:subfield code="a">Anonymus - O Jezu jakoś ciężko skatowany - V (4)</marc:subfield>
			<marc:subfield code="w">1001066417</marc:subfield>
		</marc:datafield>
		<marc:datafield tag="774" ind1="1" ind2="8">
			<marc:subfield code="a">Anonymus - Rusz się stworzenie - V (4)</marc:subfield>
			<marc:subfield code="w">1001066418</marc:subfield>
		</marc:datafield>
		<marc:datafield tag="774" ind1="1" ind2="8">
			<marc:subfield code="a">Anonymus - Wszyscy mieszkańcy domu niebieskiego - V (4)</marc:subfield>
			<marc:subfield code="w">1001066420</marc:subfield>
		</marc:datafield>
		<marc:datafield tag="774" ind1="1" ind2="8">
			<marc:subfield code="a">Anonymus - I któż jest tak bardzo serca kamiennego - V (4)</marc:subfield>
			<marc:subfield code="w">1001066421</marc:subfield>
		</marc:datafield>
		<marc:datafield tag="774" ind1="1" ind2="8">
			<marc:subfield code="a">Anonymus - Któż mi doda gorzkich łez - V (4)</marc:subfield>
			<marc:subfield code="w">1001066422</marc:subfield>
		</marc:datafield>
		<marc:datafield tag="774" ind1="1" ind2="8">
			<marc:subfield code="a">Anonymus - Jezu mój Jezu jedyny - V (4)</marc:subfield>
			<marc:subfield code="w">1001066423</marc:subfield>
		</marc:datafield>
		<marc:datafield tag="774" ind1="1" ind2="8">
			<marc:subfield code="a">Anonymus - Ave manus dextra Christi - V (4)</marc:subfield>
			<marc:subfield code="w">1001066424</marc:subfield>
		</marc:datafield>
		<marc:datafield tag="774" ind1="1" ind2="8">
			<marc:subfield code="a">Anonymus - In passione Domini - V (4)</marc:subfield>
			<marc:subfield code="w">1001066425</marc:subfield>
		</marc:datafield>
		<marc:datafield tag="774" ind1="1" ind2="8">
			<marc:subfield code="a">Anonymus - Czemu niewdzięczne oko - V (4)</marc:subfield>
			<marc:subfield code="w">1001066426</marc:subfield>
		</marc:datafield>
		<marc:datafield tag="774" ind1="1" ind2="8">
			<marc:subfield code="a">Anonymus - Synu Boży przecz na tym drzewie zawieszony - V (4)</marc:subfield>
			<marc:subfield code="w">1001066427</marc:subfield>
		</marc:datafield>
		<marc:datafield tag="774" ind1="1" ind2="8">
			<marc:subfield code="a">Anonymus - O Baranku niewinny - V (4)</marc:subfield>
			<marc:subfield code="w">1001066428</marc:subfield>
		</marc:datafield>
		<marc:datafield tag="774" ind1="1" ind2="8">
			<marc:subfield code="a">Anonymus - Rozmyślajmy dziś wierni chrześcijanie - V (4)</marc:subfield>
			<marc:subfield code="w">1001066429</marc:subfield>
		</marc:datafield>
		<marc:datafield tag="774" ind1="1" ind2="8">
			<marc:subfield code="a">Anonymus - Surrexit Christus hodie - V (4)</marc:subfield>
			<marc:subfield code="w">1001066430</marc:subfield>
		</marc:datafield>
		<marc:datafield tag="774" ind1="1" ind2="8">
			<marc:subfield code="a">Anonymus - Surrexit Christus hodie - V (4)</marc:subfield>
			<marc:subfield code="w">1001066431</marc:subfield>
		</marc:datafield>
		<marc:datafield tag="774" ind1="1" ind2="8">
			<marc:subfield code="a">Anonymus - Surrexit Christus hodie - V (4)</marc:subfield>
			<marc:subfield code="w">1001066432</marc:subfield>
		</marc:datafield>
		<marc:datafield tag="774" ind1="1" ind2="8">
			<marc:subfield code="a">Anonymus - Haec dies quam fecit Dominus - V (4)</marc:subfield>
			<marc:subfield code="w">1001066433</marc:subfield>
		</marc:datafield>
		<marc:datafield tag="774" ind1="1" ind2="8">
			<marc:subfield code="a">Anonymus - Surrexit Dominus valete luctus - V (4)</marc:subfield>
			<marc:subfield code="w">1001066434</marc:subfield>
		</marc:datafield>
		<marc:datafield tag="774" ind1="1" ind2="8">
			<marc:subfield code="a">Anonymus - Angelus Domini descendit - V (4)</marc:subfield>
			<marc:subfield code="w">1001066435</marc:subfield>
		</marc:datafield>
		<marc:datafield tag="774" ind1="1" ind2="8">
			<marc:subfield code="a">Anonymus - Chrystus zmartwychwstał jest - V (4)</marc:subfield>
			<marc:subfield code="w">1001066436</marc:subfield>
		</marc:datafield>
		<marc:datafield tag="774" ind1="1" ind2="8">
			<marc:subfield code="a">Anonymus - Regina caeli laetare - V (4)</marc:subfield>
			<marc:subfield code="w">1001066437</marc:subfield>
		</marc:datafield>
		<marc:datafield tag="774" ind1="1" ind2="8">
			<marc:subfield code="a">Anonymus - Veni Creator Spiritus - V (4)</marc:subfield>
			<marc:subfield code="w">1001066438</marc:subfield>
		</marc:datafield>
		<marc:datafield tag="774" ind1="1" ind2="8">
			<marc:subfield code="a">Anonymus - Zawitaj mocny twórco świata - V (4)</marc:subfield>
			<marc:subfield code="w">1001066445</marc:subfield>
		</marc:datafield>
		<marc:datafield tag="774" ind1="1" ind2="8">
			<marc:subfield code="a">Anonymus - Każde stworzenie śpiewaj - V (4)</marc:subfield>
			<marc:subfield code="w">1001066446</marc:subfield>
		</marc:datafield>
		<marc:datafield tag="774" ind1="1" ind2="8">
			<marc:subfield code="a">Anonymus - Salve Deus salve homo - V (4)</marc:subfield>
			<marc:subfield code="w">1001066447</marc:subfield>
		</marc:datafield>
		<marc:datafield tag="774" ind1="1" ind2="8">
			<marc:subfield code="a">Lilius, Franciszek - Sacris solemniis juncta sint gaudia - V (4)</marc:subfield>
			<marc:subfield code="w">1001066448</marc:subfield>
		</marc:datafield>
		<marc:datafield tag="774" ind1="1" ind2="8">
			<marc:subfield code="a">Anonymus - Ave magne Rex caelorum - V (4)</marc:subfield>
			<marc:subfield code="w">1001066449</marc:subfield>
		</marc:datafield>
		<marc:datafield tag="774" ind1="1" ind2="8">
			<marc:subfield code="a">Anonymus - Ecce panis angelorum - V (4)</marc:subfield>
			<marc:subfield code="w">1001066450</marc:subfield>
		</marc:datafield>
		<marc:datafield tag="774" ind1="1" ind2="8">
			<marc:subfield code="a">Anonymus - Bądź cześć chwała - V (3)</marc:subfield>
			<marc:subfield code="w">1001066451</marc:subfield>
		</marc:datafield>
		<marc:datafield tag="774" ind1="1" ind2="8">
			<marc:subfield code="a">Anonymus - Media vita in morte sumus - V (4)</marc:subfield>
			<marc:subfield code="w">1001066452</marc:subfield>
		</marc:datafield>
		<marc:datafield tag="774" ind1="1" ind2="8">
			<marc:subfield code="a">Anonymus - Da pacem Domine - V (4)</marc:subfield>
			<marc:subfield code="w">1001066453</marc:subfield>
		</marc:datafield>
		<marc:datafield tag="774" ind1="1" ind2="8">
			<marc:subfield code="a">Anonymus - Salve cordis gaudium - V (3)</marc:subfield>
			<marc:subfield code="w">1001066454</marc:subfield>
		</marc:datafield>
		<marc:datafield tag="774" ind1="1" ind2="8">
			<marc:subfield code="a">Anonymus - Rex virtutum gloriae - V (3)</marc:subfield>
			<marc:subfield code="w">1001066455</marc:subfield>
		</marc:datafield>
		<marc:datafield tag="774" ind1="1" ind2="8">
			<marc:subfield code="a">Anonymus - O bone Jesu - V (4)</marc:subfield>
			<marc:subfield code="w">1001066456</marc:subfield>
		</marc:datafield>
		<marc:datafield tag="774" ind1="1" ind2="8">
			<marc:subfield code="a">Anonymus - Deduc me Domine - V (4)</marc:subfield>
			<marc:subfield code="w">1001066457</marc:subfield>
		</marc:datafield>
		<marc:datafield tag="774" ind1="1" ind2="8">
			<marc:subfield code="a">Anonymus - Martine sancte pontifex - V (4)</marc:subfield>
			<marc:subfield code="w">1001066458</marc:subfield>
		</marc:datafield>
		<marc:datafield tag="774" ind1="1" ind2="8">
			<marc:subfield code="a">Anonymus - Catharinae virginis laudes - V (4)</marc:subfield>
			<marc:subfield code="w">1001066459</marc:subfield>
		</marc:datafield>
		<marc:datafield tag="774" ind1="1" ind2="8">
			<marc:subfield code="a">Anonymus - Nicolai solemnia sua - V (4)</marc:subfield>
			<marc:subfield code="w">1001066461</marc:subfield>
		</marc:datafield>
		<marc:datafield tag="774" ind1="1" ind2="8">
			<marc:subfield code="a">Anonymus - Benedicam Dominum - V (4)</marc:subfield>
			<marc:subfield code="w">1001066462</marc:subfield>
		</marc:datafield>
		<marc:datafield tag="852" ind1=" " ind2=" ">
			<marc:subfield code="a">PL-SA</marc:subfield>
			<marc:subfield code="c">L 1642[b]</marc:subfield>
			<marc:subfield code="e">Biblioteka Diecezjalna w Sandomierzu</marc:subfield>
			<marc:subfield code="x">30003584</marc:subfield>
		</marc:datafield>
		<marc:datafield tag="980" ind1=" " ind2=" ">
			<marc:subfield code="a">RISM</marc:subfield>
			<marc:subfield code="c">examined</marc:subfield>
		</marc:datafield>
	</marc:record>