

	<marc:record>
		<marc:leader>00000ndc a2200000 u 4500</marc:leader>
		<marc:controlfield tag="001">1001063011</marc:controlfield>
		<marc:controlfield tag="003">DE-633</marc:controlfield>
		<marc:datafield tag="040" ind1=" " ind2=" ">
			<marc:subfield code="a">DE-633</marc:subfield>
			<marc:subfield code="b">eng</marc:subfield>
		</marc:datafield>
		<marc:datafield tag="130" ind1="0" ind2=" ">
			<marc:subfield code="a">112 Sacred songs</marc:subfield>
			<marc:subfield code="m">V (4-8)</marc:subfield>
			<marc:subfield code="0">4052939</marc:subfield>
		</marc:datafield>
		<marc:datafield tag="245" ind1="1" ind2="0">
			<marc:subfield code="a">[without title]</marc:subfield>
		</marc:datafield>
		<marc:datafield tag="260" ind1=" " ind2=" ">
			<marc:subfield code="c">1620-1640</marc:subfield>
			<marc:subfield code="8">01</marc:subfield>
		</marc:datafield>
		<marc:datafield tag="300" ind1=" " ind2=" ">
			<marc:subfield code="a">8 parts</marc:subfield>
			<marc:subfield code="c">16,5 x 20 cm</marc:subfield>
			<marc:subfield code="8">01</marc:subfield>
		</marc:datafield>
		<marc:datafield tag="500" ind1=" " ind2=" ">
			<marc:subfield code="a">The manuscript consists of eight partbooks. Polyphonic repertoire, mostly polychoral for two four-part female choirs notated by eight hands. All voices of both choirs in high clefs: G-2, C-1, C-2, C-3, C-4.  Missing folios (based on gaps in original pagination): Coro 1: S 2 - 1, S 3 - 13, B - 23; Coro 2: S 1 - 25, S 2 - 13, A - 6. Original pagination brought to, respectively, pp. 171, 173, 161, 169, 174, 177, 171, 170 (to &quot;Stabat Mater&quot;, except of Coro 1: S 3 and Coro 2: A, where this 6-part piece is not entered); last pages with pagination in pencil.</marc:subfield>
			<marc:subfield code="8">01</marc:subfield>
		</marc:datafield>
		<marc:datafield tag="500" ind1=" " ind2=" ">
			<marc:subfield code="a">Song repertoire written in cantional arrangement (the melody on adjacent pages verso and recto, all stanzas under the staff) written at the end of all partbooks.</marc:subfield>
			<marc:subfield code="8">01</marc:subfield>
		</marc:datafield>
		<marc:datafield tag="500" ind1=" " ind2=" ">
			<marc:subfield code="a">Apart of polyphonic repertoire a plainchant votive Marian mass in Coro 1: S 3 partbook (p. 102-113), written by other copyist. Mass notated with nota quadrata, containing two sets of propria movements for two parts of liturgical year. Without record in this catalog.</marc:subfield>
			<marc:subfield code="8">01</marc:subfield>
		</marc:datafield>
		<marc:datafield tag="500" ind1=" " ind2=" ">
			<marc:subfield code="a">In Coro 1: S 1 partbook on p. 170-171 planctus &quot;Czemu me oko&quot; [Why my eye] - lyrics only with blank staves.</marc:subfield>
			<marc:subfield code="8">01</marc:subfield>
		</marc:datafield>
		<marc:datafield tag="500" ind1=" " ind2=" ">
			<marc:subfield code="a">All partbooks riddled by vermin.</marc:subfield>
			<marc:subfield code="8">01</marc:subfield>
		</marc:datafield>
		<marc:datafield tag="500" ind1=" " ind2=" ">
			<marc:subfield code="a">Embossements at the upper part of the front cover: Coro 1: S 1: &quot;DISZKANTPIER | WSZY W PIR HO&quot; [First treble in the first choir], S 2: &quot; DISZKANT WTORY WPI | R HO&quot; [Second treble in the first choir], S 3: &quot;DISZKAT TRECIWPIR | HO&quot; [Third treble in the first choir], B: &quot;BAS WPIWSZYMHO&quot; [Bass in the first choir]; Coro 2: S 1 &quot;DYSZKANT PIRWTORI | HOR&quot; [First treble second choir], S 2: &quot;DIKANT WTORYHO&quot; [Treble second choir], A: &quot;ALT WTORI HOR&quot; [Alt second choir], B: &quot;BAS WTORI HO&quot; [Bas second choir].</marc:subfield>
		</marc:datafield>
		<marc:datafield tag="500" ind1=" " ind2=" ">
			<marc:subfield code="a">Inscriptions at the lower or central part of the front cover: Coro 1:S 1 &quot;PG | Wtym Partesie | je Staban Mater&quot; [In this partbook there is Stabat Mater] S 2 &quot;...&quot;, B &quot;...&quot;; Coro 2: S 1: &quot;...&quot;, S 2 &quot;Wty Jest Staban | Mater i to si Spiwa&quot; [In this there is Staban Mater and it is sung], A: &quot;P Gum&quot;, B: &quot; Stond Spiwa sie | Staban Mater dolosa | zawse w wie | lko subte&quot; [From here Stabat Mater dolosa is sung always on Easter Saturday].</marc:subfield>
		</marc:datafield>
		<marc:datafield tag="500" ind1=" " ind2=" ">
			<marc:subfield code="a">Inscription &quot;Jezus Marya | Anna [illegible]&quot; on the inner page of the back cover of Coro 1: S 1 partbook.</marc:subfield>
		</marc:datafield>
		<marc:datafield tag="563" ind1=" " ind2=" ">
			<marc:subfield code="a">Partbooks uniformly bound in soft cardboard covered in brown leather, with embossed bordure on the front page and fully embossed back. In the central part of the front cover the monogram IHS presumably embossed independently. Four of those partbooks (Coro 1) have folios with red edges, the other four (Coro 2) with green-blue edges.</marc:subfield>
			<marc:subfield code="8">01</marc:subfield>
		</marc:datafield>
		<marc:datafield tag="590" ind1=" " ind2=" ">
			<marc:subfield code="a">Coro 1: S 1, 2, 3, B</marc:subfield>
			<marc:subfield code="b">91, 96, 76, 73 f.</marc:subfield>
			<marc:subfield code="8">01</marc:subfield>
		</marc:datafield>
		<marc:datafield tag="590" ind1=" " ind2=" ">
			<marc:subfield code="a">Coro 2: S 1, 2, A, B</marc:subfield>
			<marc:subfield code="b">64, 77, 82, 88 f.</marc:subfield>
			<marc:subfield code="8">01</marc:subfield>
		</marc:datafield>
		<marc:datafield tag="593" ind1=" " ind2=" ">
			<marc:subfield code="a">Manuscript copy</marc:subfield>
			<marc:subfield code="b">Notated music</marc:subfield>
			<marc:subfield code="8">01</marc:subfield>
		</marc:datafield>
		<marc:datafield tag="594" ind1=" " ind2=" ">
			<marc:subfield code="b">Coro 1: S</marc:subfield>
			<marc:subfield code="c">3</marc:subfield>
		</marc:datafield>
		<marc:datafield tag="594" ind1=" " ind2=" ">
			<marc:subfield code="b">Coro 1: B</marc:subfield>
			<marc:subfield code="c">1</marc:subfield>
		</marc:datafield>
		<marc:datafield tag="594" ind1=" " ind2=" ">
			<marc:subfield code="b">Coro 2: S</marc:subfield>
			<marc:subfield code="c">2</marc:subfield>
		</marc:datafield>
		<marc:datafield tag="594" ind1=" " ind2=" ">
			<marc:subfield code="b">Coro 2: A</marc:subfield>
			<marc:subfield code="c">1</marc:subfield>
		</marc:datafield>
		<marc:datafield tag="594" ind1=" " ind2=" ">
			<marc:subfield code="b">Coro 2: B</marc:subfield>
			<marc:subfield code="c">1</marc:subfield>
		</marc:datafield>
		<marc:datafield tag="594" ind1=" " ind2=" ">
			<marc:subfield code="a">Coro 1: S (3), Coro 1: B, Coro 2: S (2), Coro 2: A, Coro 2: B</marc:subfield>
		</marc:datafield>
		<marc:datafield tag="599" ind1=" " ind2=" ">
			<marc:subfield code="b">full</marc:subfield>
		</marc:datafield>
		<marc:datafield tag="650" ind1="0" ind2="7">
			<marc:subfield code="a">Sacred songs</marc:subfield>
			<marc:subfield code="0">25250</marc:subfield>
		</marc:datafield>
		<marc:datafield tag="650" ind1="0" ind2="7">
			<marc:subfield code="a">Motets</marc:subfield>
			<marc:subfield code="0">25240</marc:subfield>
		</marc:datafield>
		<marc:datafield tag="650" ind1="0" ind2="7">
			<marc:subfield code="a">Canticles</marc:subfield>
			<marc:subfield code="0">25478</marc:subfield>
		</marc:datafield>
		<marc:datafield tag="650" ind1="0" ind2="7">
			<marc:subfield code="a">Masses</marc:subfield>
			<marc:subfield code="0">25133</marc:subfield>
		</marc:datafield>
		<marc:datafield tag="650" ind1="0" ind2="7">
			<marc:subfield code="a">Litanies</marc:subfield>
			<marc:subfield code="0">25137</marc:subfield>
		</marc:datafield>
		<marc:datafield tag="691" ind1=" " ind2="7">
			<marc:subfield code="a">Walter-MazurM 2018</marc:subfield>
			<marc:subfield code="n">p. 102-133</marc:subfield>
			<marc:subfield code="0">41001944</marc:subfield>
		</marc:datafield>
		<marc:datafield tag="691" ind1=" " ind2="7">
			<marc:subfield code="a">Walter-MazurF 2014</marc:subfield>
			<marc:subfield code="n">p. 105-137</marc:subfield>
			<marc:subfield code="0">41001147</marc:subfield>
		</marc:datafield>
		<marc:datafield tag="691" ind1=" " ind2="7">
			<marc:subfield code="a">Walter-MazurS 2012</marc:subfield>
			<marc:subfield code="n">p. 1-296</marc:subfield>
			<marc:subfield code="0">41001943</marc:subfield>
		</marc:datafield>
		<marc:datafield tag="691" ind1=" " ind2="7">
			<marc:subfield code="a">Walter-MazurU 2011</marc:subfield>
			<marc:subfield code="n">p. 29-72</marc:subfield>
			<marc:subfield code="0">50007020</marc:subfield>
		</marc:datafield>
		<marc:datafield tag="710" ind1="2" ind2=" ">
			<marc:subfield code="a">Klasztor Benedyktynek w Jarosławiu</marc:subfield>
			<marc:subfield code="c">Jarosław</marc:subfield>
			<marc:subfield code="g">Conjectural</marc:subfield>
			<marc:subfield code="0">51002683</marc:subfield>
			<marc:subfield code="4">fmo</marc:subfield>
		</marc:datafield>
		<marc:datafield tag="774" ind1="1" ind2="8">
			<marc:subfield code="a">Anonymus - Adiuro vos filiae Jerusalem - V (X)</marc:subfield>
			<marc:subfield code="w">1001063038</marc:subfield>
		</marc:datafield>
		<marc:datafield tag="774" ind1="1" ind2="8">
			<marc:subfield code="a">Anonymus - Adoro te supplex, latens Deitas - V (8)</marc:subfield>
			<marc:subfield code="w">1001063146</marc:subfield>
		</marc:datafield>
		<marc:datafield tag="774" ind1="1" ind2="8">
			<marc:subfield code="a">Anonymus - Advenit ignis divinus - V (8)</marc:subfield>
			<marc:subfield code="w">1001063153</marc:subfield>
		</marc:datafield>
		<marc:datafield tag="774" ind1="1" ind2="8">
			<marc:subfield code="a">Anonymus - Non vos relinquam orphanos - Fragments; V (X)</marc:subfield>
			<marc:subfield code="w">1001063160</marc:subfield>
		</marc:datafield>
		<marc:datafield tag="774" ind1="1" ind2="8">
			<marc:subfield code="a">Anonymus - Alma redempotoris mater - V (8)</marc:subfield>
			<marc:subfield code="w">1001063180</marc:subfield>
		</marc:datafield>
		<marc:datafield tag="774" ind1="1" ind2="8">
			<marc:subfield code="a">Anonymus - Alma redempotoris mater - V (8)</marc:subfield>
			<marc:subfield code="w">1001063193</marc:subfield>
		</marc:datafield>
		<marc:datafield tag="774" ind1="1" ind2="8">
			<marc:subfield code="a">Anonymus - Amavit eum Dominus - V (8)</marc:subfield>
			<marc:subfield code="w">1001063196</marc:subfield>
		</marc:datafield>
		<marc:datafield tag="774" ind1="1" ind2="8">
			<marc:subfield code="a">Anonymus - Angele Dei qui custos es mei - V (8)</marc:subfield>
			<marc:subfield code="w">1001063200</marc:subfield>
		</marc:datafield>
		<marc:datafield tag="774" ind1="1" ind2="8">
			<marc:subfield code="a">Anonymus - Anna pia mater ave - V (X)</marc:subfield>
			<marc:subfield code="w">1001063201</marc:subfield>
		</marc:datafield>
		<marc:datafield tag="774" ind1="1" ind2="8">
			<marc:subfield code="a">Anonymus - Ardens est cor meum - V (8)</marc:subfield>
			<marc:subfield code="w">1001063203</marc:subfield>
		</marc:datafield>
		<marc:datafield tag="774" ind1="1" ind2="8">
			<marc:subfield code="a">Anonymus - Attollite portas - V (8)</marc:subfield>
			<marc:subfield code="w">1001063204</marc:subfield>
		</marc:datafield>
		<marc:datafield tag="774" ind1="1" ind2="8">
			<marc:subfield code="a">Anonymus - Ave maris stella Dei mater - V (8)</marc:subfield>
			<marc:subfield code="w">1001063205</marc:subfield>
		</marc:datafield>
		<marc:datafield tag="774" ind1="1" ind2="8">
			<marc:subfield code="a">Anonymus - Beata es virgo Maria - V (X)</marc:subfield>
			<marc:subfield code="w">1001063206</marc:subfield>
		</marc:datafield>
		<marc:datafield tag="774" ind1="1" ind2="8">
			<marc:subfield code="a">Anonymus - Beata es virgo Maria Dei genitrix - V (8)</marc:subfield>
			<marc:subfield code="w">1001063284</marc:subfield>
		</marc:datafield>
		<marc:datafield tag="774" ind1="1" ind2="8">
			<marc:subfield code="a">Anonymus - Beatam me dicent - V (X)</marc:subfield>
			<marc:subfield code="w">1001063295</marc:subfield>
		</marc:datafield>
		<marc:datafield tag="774" ind1="1" ind2="8">
			<marc:subfield code="a">Anonymus - Benedicite omnia opera domini - V (8)</marc:subfield>
			<marc:subfield code="w">1001063315</marc:subfield>
		</marc:datafield>
		<marc:datafield tag="774" ind1="1" ind2="8">
			<marc:subfield code="a">Anonymus - Benedictum sanctum Patriarcham nostrum - V (X)</marc:subfield>
			<marc:subfield code="w">1001063333</marc:subfield>
		</marc:datafield>
		<marc:datafield tag="774" ind1="1" ind2="8">
			<marc:subfield code="a">Anonymus - Cantemus Domino - V (8)</marc:subfield>
			<marc:subfield code="w">1001063340</marc:subfield>
		</marc:datafield>
		<marc:datafield tag="774" ind1="1" ind2="8">
			<marc:subfield code="a">Anonymus - Canticis sanctam celebremus Annam - V (8)</marc:subfield>
			<marc:subfield code="w">1001063342</marc:subfield>
		</marc:datafield>
		<marc:datafield tag="774" ind1="1" ind2="8">
			<marc:subfield code="a">Anonymus - Chrystus zmartwychwstan jest - V (8)</marc:subfield>
			<marc:subfield code="w">1001063351</marc:subfield>
		</marc:datafield>
		<marc:datafield tag="774" ind1="1" ind2="8">
			<marc:subfield code="a">Anonymus - Chrystus zmartwychwstan jest - V (8)</marc:subfield>
			<marc:subfield code="w">1001063729</marc:subfield>
		</marc:datafield>
		<marc:datafield tag="774" ind1="1" ind2="8">
			<marc:subfield code="a">Anonymus - Chwal Syjonie Zbawcę - V (4)</marc:subfield>
			<marc:subfield code="w">1001063730</marc:subfield>
		</marc:datafield>
		<marc:datafield tag="774" ind1="1" ind2="8">
			<marc:subfield code="a">Anonymus - De stella sol oriturus - V (X)</marc:subfield>
			<marc:subfield code="w">1001063731</marc:subfield>
		</marc:datafield>
		<marc:datafield tag="774" ind1="1" ind2="8">
			<marc:subfield code="a">Anonymus - Deo dicamus gratias - V (X)</marc:subfield>
			<marc:subfield code="w">1001063742</marc:subfield>
		</marc:datafield>
		<marc:datafield tag="774" ind1="1" ind2="8">
			<marc:subfield code="a">Anonymus - Diffusa est gratia in labiis - V (8)</marc:subfield>
			<marc:subfield code="w">1001063744</marc:subfield>
		</marc:datafield>
		<marc:datafield tag="774" ind1="1" ind2="8">
			<marc:subfield code="a">Anonymus - Dilecte mi noli me deserere - V (X)</marc:subfield>
			<marc:subfield code="w">1001063746</marc:subfield>
		</marc:datafield>
		<marc:datafield tag="774" ind1="1" ind2="8">
			<marc:subfield code="a">Anonymus - Do nas przybądźcie, święci aniołowie - V (8)</marc:subfield>
			<marc:subfield code="w">1001063752</marc:subfield>
		</marc:datafield>
		<marc:datafield tag="774" ind1="1" ind2="8">
			<marc:subfield code="a">Anonymus - Domine Dominus noster - V (8)</marc:subfield>
			<marc:subfield code="w">1001063821</marc:subfield>
		</marc:datafield>
		<marc:datafield tag="774" ind1="1" ind2="8">
			<marc:subfield code="a">Anonymus - Dominus Jesus in qua nocte - V (X)</marc:subfield>
			<marc:subfield code="w">1001063825</marc:subfield>
		</marc:datafield>
		<marc:datafield tag="774" ind1="1" ind2="8">
			<marc:subfield code="a">Anonymus - Domus mea domus orationis - V (8)</marc:subfield>
			<marc:subfield code="w">1001063829</marc:subfield>
		</marc:datafield>
		<marc:datafield tag="774" ind1="1" ind2="8">
			<marc:subfield code="a">Anonymus - Duo seraphim clamabant - V (8)</marc:subfield>
			<marc:subfield code="w">1001063831</marc:subfield>
		</marc:datafield>
		<marc:datafield tag="774" ind1="1" ind2="8">
			<marc:subfield code="a">Anonymus - Ecce Dominus veniet, et omnes sancti ejus - V (8)</marc:subfield>
			<marc:subfield code="w">1001064066</marc:subfield>
		</marc:datafield>
		<marc:datafield tag="774" ind1="1" ind2="8">
			<marc:subfield code="a">Anonymus - Ecce nomen Domini - V (8)</marc:subfield>
			<marc:subfield code="w">1001064073</marc:subfield>
		</marc:datafield>
		<marc:datafield tag="774" ind1="1" ind2="8">
			<marc:subfield code="a">Anonymus - Ecce virgo concipiet - V (4)</marc:subfield>
			<marc:subfield code="w">1001064077</marc:subfield>
		</marc:datafield>
		<marc:datafield tag="774" ind1="1" ind2="8">
			<marc:subfield code="a">Anonymus - Egredere si praevales, Benedicte sanctissime - V (X)</marc:subfield>
			<marc:subfield code="w">1001064083</marc:subfield>
		</marc:datafield>
		<marc:datafield tag="774" ind1="1" ind2="8">
			<marc:subfield code="a">Anonymus - Exiit sermo inter frates - V (8)</marc:subfield>
			<marc:subfield code="w">1001064085</marc:subfield>
		</marc:datafield>
		<marc:datafield tag="774" ind1="1" ind2="8">
			<marc:subfield code="a">Anonymus - Exultate Deo adiutori nostro - V (8)</marc:subfield>
			<marc:subfield code="w">1001064096</marc:subfield>
		</marc:datafield>
		<marc:datafield tag="774" ind1="1" ind2="8">
			<marc:subfield code="a">Anonymus - Factum est silentium in caelo - V (X)</marc:subfield>
			<marc:subfield code="w">1001064100</marc:subfield>
		</marc:datafield>
		<marc:datafield tag="774" ind1="1" ind2="8">
			<marc:subfield code="a">Anonymus - Gaude pia mater Christi - V (8)</marc:subfield>
			<marc:subfield code="w">1001064153</marc:subfield>
		</marc:datafield>
		<marc:datafield tag="774" ind1="1" ind2="8">
			<marc:subfield code="a">Anonymus - Gaudeamus omnes in Domino - V (8)</marc:subfield>
			<marc:subfield code="w">1001064154</marc:subfield>
		</marc:datafield>
		<marc:datafield tag="774" ind1="1" ind2="8">
			<marc:subfield code="a">Anonymus - Haec est dies quam fecit Dominus - V (8)</marc:subfield>
			<marc:subfield code="w">1001064155</marc:subfield>
		</marc:datafield>
		<marc:datafield tag="774" ind1="1" ind2="8">
			<marc:subfield code="a">Anonymus - Haec est vera fraternitas - V (X)</marc:subfield>
			<marc:subfield code="w">1001064168</marc:subfield>
		</marc:datafield>
		<marc:datafield tag="774" ind1="1" ind2="8">
			<marc:subfield code="a">Anonymus - Hodie beata virgo Maria - V (8)</marc:subfield>
			<marc:subfield code="w">1001064172</marc:subfield>
		</marc:datafield>
		<marc:datafield tag="774" ind1="1" ind2="8">
			<marc:subfield code="a">Anonymus - Hodie Christus natus est - V (8)</marc:subfield>
			<marc:subfield code="w">1001064251</marc:subfield>
		</marc:datafield>
		<marc:datafield tag="774" ind1="1" ind2="8">
			<marc:subfield code="a">Anonymus - Hodie Maria virgo coelos ascendit - V (8)</marc:subfield>
			<marc:subfield code="w">1001064252</marc:subfield>
		</marc:datafield>
		<marc:datafield tag="774" ind1="1" ind2="8">
			<marc:subfield code="a">Anonymus - Hodie sanctus Benedictus - V (X)</marc:subfield>
			<marc:subfield code="w">1001064253</marc:subfield>
		</marc:datafield>
		<marc:datafield tag="774" ind1="1" ind2="8">
			<marc:subfield code="a">Anonymus - Jubilate Deo omnis terra servite Domino - V (4)</marc:subfield>
			<marc:subfield code="w">1001064256</marc:subfield>
		</marc:datafield>
		<marc:datafield tag="774" ind1="1" ind2="8">
			<marc:subfield code="a">Anonymus - Kolęda wdzięczna - V (8)</marc:subfield>
			<marc:subfield code="w">1001064377</marc:subfield>
		</marc:datafield>
		<marc:datafield tag="774" ind1="1" ind2="8">
			<marc:subfield code="a">Anonymus - Litany - Fragments; V (8)</marc:subfield>
			<marc:subfield code="w">1001064385</marc:subfield>
		</marc:datafield>
		<marc:datafield tag="774" ind1="1" ind2="8">
			<marc:subfield code="a">Anonymus - Litany - Fragments; V (8)</marc:subfield>
			<marc:subfield code="w">1001064389</marc:subfield>
		</marc:datafield>
		<marc:datafield tag="774" ind1="1" ind2="8">
			<marc:subfield code="a">Anonymus - Litany - V (X)</marc:subfield>
			<marc:subfield code="w">1001064393</marc:subfield>
		</marc:datafield>
		<marc:datafield tag="774" ind1="1" ind2="8">
			<marc:subfield code="a">Anonymus - Litany - Fragments; V (X)</marc:subfield>
			<marc:subfield code="w">1001064395</marc:subfield>
		</marc:datafield>
		<marc:datafield tag="774" ind1="1" ind2="8">
			<marc:subfield code="a">Anonymus - Litany - Fragments; V (X)</marc:subfield>
			<marc:subfield code="w">1001064399</marc:subfield>
		</marc:datafield>
		<marc:datafield tag="774" ind1="1" ind2="8">
			<marc:subfield code="a">Anonymus - Kto to tam gdzie jest to narodzone - V (X)</marc:subfield>
			<marc:subfield code="w">1001064401</marc:subfield>
		</marc:datafield>
		<marc:datafield tag="774" ind1="1" ind2="8">
			<marc:subfield code="a">Anonymus - Laetamini in Domino et exultate justi - V (8)</marc:subfield>
			<marc:subfield code="w">1001064405</marc:subfield>
		</marc:datafield>
		<marc:datafield tag="774" ind1="1" ind2="8">
			<marc:subfield code="a">Anonymus - Laetamini in Jerusalem - V (8)</marc:subfield>
			<marc:subfield code="w">1001064443</marc:subfield>
		</marc:datafield>
		<marc:datafield tag="774" ind1="1" ind2="8">
			<marc:subfield code="a">Anonymus - Laudem date omnes fines terrae - V (8)</marc:subfield>
			<marc:subfield code="w">1001064457</marc:subfield>
		</marc:datafield>
		<marc:datafield tag="774" ind1="1" ind2="8">
			<marc:subfield code="a">Anonymus - Magnificat - Fragments; V (8)</marc:subfield>
			<marc:subfield code="w">1001064466</marc:subfield>
		</marc:datafield>
		<marc:datafield tag="774" ind1="1" ind2="8">
			<marc:subfield code="a">Anonymus - Magnificat - Fragments; V (8)</marc:subfield>
			<marc:subfield code="w">1001064471</marc:subfield>
		</marc:datafield>
		<marc:datafield tag="774" ind1="1" ind2="8">
			<marc:subfield code="a">Anonymus - Magnificat - Fragments; V (6)</marc:subfield>
			<marc:subfield code="w">1001064477</marc:subfield>
		</marc:datafield>
		<marc:datafield tag="774" ind1="1" ind2="8">
			<marc:subfield code="a">Anonymus - Magnificat - Fragments; V (X)</marc:subfield>
			<marc:subfield code="w">1001064478</marc:subfield>
		</marc:datafield>
		<marc:datafield tag="774" ind1="1" ind2="8">
			<marc:subfield code="a">Anonymus - Magnificat - Fragments; V (X)</marc:subfield>
			<marc:subfield code="w">1001064481</marc:subfield>
		</marc:datafield>
		<marc:datafield tag="774" ind1="1" ind2="8">
			<marc:subfield code="a">Anonymus - Magnificat - Fragments; V (8)</marc:subfield>
			<marc:subfield code="w">1001064483</marc:subfield>
		</marc:datafield>
		<marc:datafield tag="774" ind1="1" ind2="8">
			<marc:subfield code="a">Anonymus - Magnificat - Fragments; V (8)</marc:subfield>
			<marc:subfield code="w">1001064617</marc:subfield>
		</marc:datafield>
		<marc:datafield tag="774" ind1="1" ind2="8">
			<marc:subfield code="a">Anonymus - Magnificat - Fragments; V (4)</marc:subfield>
			<marc:subfield code="w">1001064618</marc:subfield>
		</marc:datafield>
		<marc:datafield tag="774" ind1="1" ind2="8">
			<marc:subfield code="a">Anonymus - Magnificat - Fragments; V (4)</marc:subfield>
			<marc:subfield code="w">1001064619</marc:subfield>
		</marc:datafield>
		<marc:datafield tag="774" ind1="1" ind2="8">
			<marc:subfield code="a">Anonymus - Magnificat - Fragments; V (4)</marc:subfield>
			<marc:subfield code="w">1001064620</marc:subfield>
		</marc:datafield>
		<marc:datafield tag="774" ind1="1" ind2="8">
			<marc:subfield code="a">Anonymus - Multae filiae congregaverunt divitias - V (8)</marc:subfield>
			<marc:subfield code="w">1001064621</marc:subfield>
		</marc:datafield>
		<marc:datafield tag="774" ind1="1" ind2="8">
			<marc:subfield code="a">Anonymus - Nativitas tua Dei genetrix - V (8)</marc:subfield>
			<marc:subfield code="w">1001064622</marc:subfield>
		</marc:datafield>
		<marc:datafield tag="774" ind1="1" ind2="8">
			<marc:subfield code="a">Anonymus - Nicolai solemnia celebrat nunc Ecclesia - V (8)</marc:subfield>
			<marc:subfield code="w">1001064623</marc:subfield>
		</marc:datafield>
		<marc:datafield tag="774" ind1="1" ind2="8">
			<marc:subfield code="a">Anonymus - Nihil est Annae gremio toti mundo - V (8)</marc:subfield>
			<marc:subfield code="w">1001064624</marc:subfield>
		</marc:datafield>
		<marc:datafield tag="774" ind1="1" ind2="8">
			<marc:subfield code="a">Anonymus - Non vos relinquam orphanos - Fragments; V (X)</marc:subfield>
			<marc:subfield code="w">1001064626</marc:subfield>
		</marc:datafield>
		<marc:datafield tag="774" ind1="1" ind2="8">
			<marc:subfield code="a">Anonymus - O magnum misterium - V (8)</marc:subfield>
			<marc:subfield code="w">1001064627</marc:subfield>
		</marc:datafield>
		<marc:datafield tag="774" ind1="1" ind2="8">
			<marc:subfield code="a">Anonymus - O quam suavis est Domine spiritus tuus - V (X)</marc:subfield>
			<marc:subfield code="w">1001064628</marc:subfield>
		</marc:datafield>
		<marc:datafield tag="774" ind1="1" ind2="8">
			<marc:subfield code="a">Anonymus - O sacrum convivium - V (X)</marc:subfield>
			<marc:subfield code="w">1001064631</marc:subfield>
		</marc:datafield>
		<marc:datafield tag="774" ind1="1" ind2="8">
			<marc:subfield code="a">Anonymus - O sanctissima anima Virginis Scholasticae - V (X)</marc:subfield>
			<marc:subfield code="w">1001064632</marc:subfield>
		</marc:datafield>
		<marc:datafield tag="774" ind1="1" ind2="8">
			<marc:subfield code="a">Anonymus - O viri galilei o amici dei - V (8)</marc:subfield>
			<marc:subfield code="w">1001064635</marc:subfield>
		</marc:datafield>
		<marc:datafield tag="774" ind1="1" ind2="8">
			<marc:subfield code="a">Anonymus - Paratum cor meum Deus - V (8)</marc:subfield>
			<marc:subfield code="w">1001064641</marc:subfield>
		</marc:datafield>
		<marc:datafield tag="774" ind1="1" ind2="8">
			<marc:subfield code="a">Anonymus - Princeps gloriosissime Michael - V (8)</marc:subfield>
			<marc:subfield code="w">1001064658</marc:subfield>
		</marc:datafield>
		<marc:datafield tag="774" ind1="1" ind2="8">
			<marc:subfield code="a">Anonymus - Que est ista que ascendit - V (8)</marc:subfield>
			<marc:subfield code="w">1001064663</marc:subfield>
		</marc:datafield>
		<marc:datafield tag="774" ind1="1" ind2="8">
			<marc:subfield code="a">Anonymus - Quis mihi det te fratrem meum - V (X)</marc:subfield>
			<marc:subfield code="w">1001064666</marc:subfield>
		</marc:datafield>
		<marc:datafield tag="774" ind1="1" ind2="8">
			<marc:subfield code="a">Anonymus - Regina caeli laetare - Fragments; V (8)</marc:subfield>
			<marc:subfield code="w">1001064670</marc:subfield>
		</marc:datafield>
		<marc:datafield tag="774" ind1="1" ind2="8">
			<marc:subfield code="a">Anonymus - Regina caeli laetare - V (8)</marc:subfield>
			<marc:subfield code="w">1001064677</marc:subfield>
		</marc:datafield>
		<marc:datafield tag="774" ind1="1" ind2="8">
			<marc:subfield code="a">Anonymus - Salve Anna sanctissima - V (8)</marc:subfield>
			<marc:subfield code="w">1001064678</marc:subfield>
		</marc:datafield>
		<marc:datafield tag="774" ind1="1" ind2="8">
			<marc:subfield code="a">Anonymus - Salve corpus Jesu Christi - V (X)</marc:subfield>
			<marc:subfield code="w">1001064680</marc:subfield>
		</marc:datafield>
		<marc:datafield tag="774" ind1="1" ind2="8">
			<marc:subfield code="a">Anonymus - Salve puer dulcissimae - V (8)</marc:subfield>
			<marc:subfield code="w">1001064683</marc:subfield>
		</marc:datafield>
		<marc:datafield tag="774" ind1="1" ind2="8">
			<marc:subfield code="a">Anonymus - Salve regina - V (10)</marc:subfield>
			<marc:subfield code="w">1001064689</marc:subfield>
		</marc:datafield>
		<marc:datafield tag="774" ind1="1" ind2="8">
			<marc:subfield code="a">Anonymus - Salve regina - V (4)</marc:subfield>
			<marc:subfield code="w">1001064697</marc:subfield>
		</marc:datafield>
		<marc:datafield tag="774" ind1="1" ind2="8">
			<marc:subfield code="a">Anonymus - Salve regina - V (X)</marc:subfield>
			<marc:subfield code="w">1001064698</marc:subfield>
		</marc:datafield>
		<marc:datafield tag="774" ind1="1" ind2="8">
			<marc:subfield code="a">Anonymus - Salve regina - V (6)</marc:subfield>
			<marc:subfield code="w">1001064705</marc:subfield>
		</marc:datafield>
		<marc:datafield tag="774" ind1="1" ind2="8">
			<marc:subfield code="a">Anonymus - Salve regina - V (8)</marc:subfield>
			<marc:subfield code="w">1001064708</marc:subfield>
		</marc:datafield>
		<marc:datafield tag="774" ind1="1" ind2="8">
			<marc:subfield code="a">Anonymus - Sancta Maria succurre miseris - V (8)</marc:subfield>
			<marc:subfield code="w">1001064741</marc:subfield>
		</marc:datafield>
		<marc:datafield tag="774" ind1="1" ind2="8">
			<marc:subfield code="a">Anonymus - Sancti mei, qui in carne positi - V (8)</marc:subfield>
			<marc:subfield code="w">1001064742</marc:subfield>
		</marc:datafield>
		<marc:datafield tag="774" ind1="1" ind2="8">
			<marc:subfield code="a">Anonymus - Sanctimonialis autem femina - V (8)</marc:subfield>
			<marc:subfield code="w">1001064743</marc:subfield>
		</marc:datafield>
		<marc:datafield tag="774" ind1="1" ind2="8">
			<marc:subfield code="a">Anonymus - Sive sitim Christus restinguit sanguine - V (X)</marc:subfield>
			<marc:subfield code="w">1001064744</marc:subfield>
		</marc:datafield>
		<marc:datafield tag="774" ind1="1" ind2="8">
			<marc:subfield code="a">Anonymus - Stabat mater dolorosa - V (X)</marc:subfield>
			<marc:subfield code="w">1001064745</marc:subfield>
		</marc:datafield>
		<marc:datafield tag="774" ind1="1" ind2="8">
			<marc:subfield code="a">Anonymus - Sub tuum praesidium confugimus - V (8)</marc:subfield>
			<marc:subfield code="w">1001064757</marc:subfield>
		</marc:datafield>
		<marc:datafield tag="774" ind1="1" ind2="8">
			<marc:subfield code="a">Anonymus - Super te Jerusalem orietur - V (8)</marc:subfield>
			<marc:subfield code="w">1001064763</marc:subfield>
		</marc:datafield>
		<marc:datafield tag="774" ind1="1" ind2="8">
			<marc:subfield code="a">Anonymus - Te aeternum patrem - V (X)</marc:subfield>
			<marc:subfield code="w">1001064766</marc:subfield>
		</marc:datafield>
		<marc:datafield tag="774" ind1="1" ind2="8">
			<marc:subfield code="a">Anonymus - Tria sunt munera pretiosa - V (8)</marc:subfield>
			<marc:subfield code="w">1001064767</marc:subfield>
		</marc:datafield>
		<marc:datafield tag="774" ind1="1" ind2="8">
			<marc:subfield code="a">Anonymus - Tua est potentia, tuum regnum Domine - V (8)</marc:subfield>
			<marc:subfield code="w">1001064768</marc:subfield>
		</marc:datafield>
		<marc:datafield tag="774" ind1="1" ind2="8">
			<marc:subfield code="a">Anonymus - Tua est potentia - V (X)</marc:subfield>
			<marc:subfield code="w">1001064769</marc:subfield>
		</marc:datafield>
		<marc:datafield tag="774" ind1="1" ind2="8">
			<marc:subfield code="a">Anonymus - Veni ad liberandum nos Domine - V (8)</marc:subfield>
			<marc:subfield code="w">1001064770</marc:subfield>
		</marc:datafield>
		<marc:datafield tag="774" ind1="1" ind2="8">
			<marc:subfield code="a">Anonymus - Veni Creator Spiritus - V (4)</marc:subfield>
			<marc:subfield code="w">1001064771</marc:subfield>
		</marc:datafield>
		<marc:datafield tag="774" ind1="1" ind2="8">
			<marc:subfield code="a">Anonymus - Veni Creator Spiritus - V (X)</marc:subfield>
			<marc:subfield code="w">1001064772</marc:subfield>
		</marc:datafield>
		<marc:datafield tag="774" ind1="1" ind2="8">
			<marc:subfield code="a">Anonymus - Veni Sancte Spiritus et tui amoris - V (X)</marc:subfield>
			<marc:subfield code="w">1001064773</marc:subfield>
		</marc:datafield>
		<marc:datafield tag="774" ind1="1" ind2="8">
			<marc:subfield code="a">Anonymus - Veni sponsa Christi - V (X)</marc:subfield>
			<marc:subfield code="w">1001064774</marc:subfield>
		</marc:datafield>
		<marc:datafield tag="774" ind1="1" ind2="8">
			<marc:subfield code="a">Anonymus - Verbum caro factum est - V (8)</marc:subfield>
			<marc:subfield code="w">1001064776</marc:subfield>
		</marc:datafield>
		<marc:datafield tag="774" ind1="1" ind2="8">
			<marc:subfield code="a">Anonymus - Veritas mea et misericordia mea cum ipso - V (8)</marc:subfield>
			<marc:subfield code="w">1001064780</marc:subfield>
		</marc:datafield>
		<marc:datafield tag="774" ind1="1" ind2="8">
			<marc:subfield code="a">Anonymus - Virgo prudentissima que progrederis quasi aurora - V (8)</marc:subfield>
			<marc:subfield code="w">1001064781</marc:subfield>
		</marc:datafield>
		<marc:datafield tag="774" ind1="1" ind2="8">
			<marc:subfield code="a">Anonymus - Vulnerasti cor meum soror mea sponsa - V (8)</marc:subfield>
			<marc:subfield code="w">1001064782</marc:subfield>
		</marc:datafield>
		<marc:datafield tag="774" ind1="1" ind2="8">
			<marc:subfield code="a">Anonymus - Żywotne drzewo w raju - V (X)</marc:subfield>
			<marc:subfield code="w">1001064784</marc:subfield>
		</marc:datafield>
		<marc:datafield tag="852" ind1=" " ind2=" ">
			<marc:subfield code="a">PL-SA</marc:subfield>
			<marc:subfield code="c">L 1643</marc:subfield>
			<marc:subfield code="e">Biblioteka Diecezjalna w Sandomierzu</marc:subfield>
			<marc:subfield code="x">30003584</marc:subfield>
		</marc:datafield>
		<marc:datafield tag="980" ind1=" " ind2=" ">
			<marc:subfield code="a">RISM</marc:subfield>
			<marc:subfield code="c">examined</marc:subfield>
		</marc:datafield>
	</marc:record>