

	<marc:record>
		<marc:leader>00000ndd a2200000 u 4500</marc:leader>
		<marc:controlfield tag="001">1001063731</marc:controlfield>
		<marc:controlfield tag="003">DE-633</marc:controlfield>
		<marc:datafield tag="031" ind1=" " ind2=" ">
			<marc:subfield code="a">1</marc:subfield>
			<marc:subfield code="b">1</marc:subfield>
			<marc:subfield code="c">1</marc:subfield>
			<marc:subfield code="g">C-1</marc:subfield>
			<marc:subfield code="m">Coro 1: S 2</marc:subfield>
			<marc:subfield code="o">c/</marc:subfield>
			<marc:subfield code="p">9&#39;&#39;C&#39;B2&#39;&#39;C&#39;G&#39;&#39;D1C2&#39;G1GG</marc:subfield>
			<marc:subfield code="t">De stella sol oriturus</marc:subfield>
			<marc:subfield code="2">pe</marc:subfield>
		</marc:datafield>
		<marc:datafield tag="040" ind1=" " ind2=" ">
			<marc:subfield code="a">DE-633</marc:subfield>
			<marc:subfield code="b">eng</marc:subfield>
		</marc:datafield>
		<marc:datafield tag="041" ind1="0" ind2=" ">
			<marc:subfield code="a">lat</marc:subfield>
		</marc:datafield>
		<marc:datafield tag="100" ind1="1" ind2=" ">
			<marc:subfield code="a">Anonymus</marc:subfield>
			<marc:subfield code="0">30004985</marc:subfield>
		</marc:datafield>
		<marc:datafield tag="240" ind1="1" ind2="0">
			<marc:subfield code="a">De stella sol oriturus </marc:subfield>
			<marc:subfield code="m">V (X)</marc:subfield>
			<marc:subfield code="0">5191819</marc:subfield>
		</marc:datafield>
		<marc:datafield tag="245" ind1="1" ind2="0">
			<marc:subfield code="a">[without title]</marc:subfield>
		</marc:datafield>
		<marc:datafield tag="300" ind1=" " ind2=" ">
			<marc:subfield code="a">1 part</marc:subfield>
			<marc:subfield code="8">01</marc:subfield>
		</marc:datafield>
		<marc:datafield tag="500" ind1=" " ind2=" ">
			<marc:subfield code="a">Three verses written under the staff</marc:subfield>
			<marc:subfield code="8">01</marc:subfield>
		</marc:datafield>
		<marc:datafield tag="590" ind1=" " ind2=" ">
			<marc:subfield code="a">Coro 1: S 2</marc:subfield>
			<marc:subfield code="b">p. 172-173</marc:subfield>
			<marc:subfield code="8">01</marc:subfield>
		</marc:datafield>
		<marc:datafield tag="593" ind1=" " ind2=" ">
			<marc:subfield code="a">Manuscript copy</marc:subfield>
			<marc:subfield code="b">Notated music</marc:subfield>
			<marc:subfield code="8">01</marc:subfield>
		</marc:datafield>
		<marc:datafield tag="594" ind1=" " ind2=" ">
			<marc:subfield code="b">no indication</marc:subfield>
		</marc:datafield>
		<marc:datafield tag="594" ind1=" " ind2=" ">
			<marc:subfield code="a">no indication</marc:subfield>
		</marc:datafield>
		<marc:datafield tag="599" ind1=" " ind2=" ">
			<marc:subfield code="b">full</marc:subfield>
		</marc:datafield>
		<marc:datafield tag="650" ind1="0" ind2="7">
			<marc:subfield code="a">Sacred songs</marc:subfield>
			<marc:subfield code="0">25250</marc:subfield>
		</marc:datafield>
		<marc:datafield tag="657" ind1=" " ind2="7">
			<marc:subfield code="a">Annae Matris Beatae Mariae Virginis</marc:subfield>
			<marc:subfield code="0">3011516</marc:subfield>
		</marc:datafield>
		<marc:datafield tag="773" ind1="1" ind2="8">
			<marc:subfield code="a"> - 112 Sacred songs - V (4-8)</marc:subfield>
			<marc:subfield code="w">1001063011</marc:subfield>
		</marc:datafield>
		<marc:datafield tag="852" ind1=" " ind2=" ">
			<marc:subfield code="a">PL-SA</marc:subfield>
			<marc:subfield code="c">L 1643</marc:subfield>
			<marc:subfield code="e">Biblioteka Diecezjalna w Sandomierzu</marc:subfield>
			<marc:subfield code="x">30003584</marc:subfield>
		</marc:datafield>
		<marc:datafield tag="980" ind1=" " ind2=" ">
			<marc:subfield code="a">RISM</marc:subfield>
			<marc:subfield code="c">examined</marc:subfield>
		</marc:datafield>
	</marc:record>