

	<marc:record>
		<marc:leader>00000ndc a2200000 u 4500</marc:leader>
		<marc:controlfield tag="001">1001071853</marc:controlfield>
		<marc:controlfield tag="003">DE-633</marc:controlfield>
		<marc:datafield tag="040" ind1=" " ind2=" ">
			<marc:subfield code="a">DE-633</marc:subfield>
			<marc:subfield code="b">eng</marc:subfield>
		</marc:datafield>
		<marc:datafield tag="041" ind1="0" ind2=" ">
			<marc:subfield code="a">lat</marc:subfield>
			<marc:subfield code="a">pol</marc:subfield>
		</marc:datafield>
		<marc:datafield tag="130" ind1="0" ind2=" ">
			<marc:subfield code="a">Cantor&#39;s book</marc:subfield>
			<marc:subfield code="0">50236270</marc:subfield>
		</marc:datafield>
		<marc:datafield tag="245" ind1="1" ind2="0">
			<marc:subfield code="a">[without title]</marc:subfield>
		</marc:datafield>
		<marc:datafield tag="260" ind1=" " ind2=" ">
			<marc:subfield code="c">1750</marc:subfield>
			<marc:subfield code="8">01</marc:subfield>
		</marc:datafield>
		<marc:datafield tag="300" ind1=" " ind2=" ">
			<marc:subfield code="a">various: 260 f.</marc:subfield>
			<marc:subfield code="c">33,5 x 20 cm</marc:subfield>
			<marc:subfield code="8">01</marc:subfield>
		</marc:datafield>
		<marc:datafield tag="500" ind1=" " ind2=" ">
			<marc:subfield code="a">First 16 f. (detailed table of contents by Moszyńska: &quot;REGESTR co sie znayduie w tych | Xiąszkach [!] a Naprzod Msze Dominiczne | na Cały Rok Ad M D G.&quot; [a register of the contents of these books, and Sunday masses for the whole year are on the begining]) paginated by W. Świerczek in pencil (p. 1-32); original pagination (p. 1-472) from f. 17r with folios added in between p. 18-19 (2 f.), 139-140, 151-152, 203-204 (1 f. each).</marc:subfield>
			<marc:subfield code="8">01</marc:subfield>
		</marc:datafield>
		<marc:datafield tag="500" ind1=" " ind2=" ">
			<marc:subfield code="a">Pagination errors: p. 161, 163, 165, 166, 294, 296 instead of p. 261, 263, 265, 366, 394, 396 respectively; p. 88 omitted.</marc:subfield>
			<marc:subfield code="8">01</marc:subfield>
		</marc:datafield>
		<marc:datafield tag="500" ind1=" " ind2=" ">
			<marc:subfield code="a">Apart from &quot;REGESTR...&quot; source contains a.o.: Gregorian chant, descriptions of monastic ceremonies, sacred songs, polyphonic masses, texts of songs and prayers for different liturgical feasts, meditation about liturgy of a mass, fragments of Roman Missal and Gradual, principles of music and singing (with exercises) and some empty pages in between.</marc:subfield>
			<marc:subfield code="8">01</marc:subfield>
		</marc:datafield>
		<marc:datafield tag="500" ind1=" " ind2=" ">
			<marc:subfield code="a">Dedication on f. 1v of the cover: &quot;Te Xiąszki są napisane Roku 1750 | od Maryanny Moszynskiey która za pozwoleniem | Przełożoney, daie nawiązanie sercem kochaney sie | strze swey Scholastyce Moszynskiey Z.R.OJ.B. | z zyczeniem nigdy nieokryslonym wszelkich łask Bło | gosławienst Boskich |:nie tylko ile tu literer [!] not &amp; | y winnych tegoż mizernego Pisania Xioszkach ieyże da | nych:| ale co tylko się znayduie wyrażonych we wszystkich | Bibliotekach po całym świecie Xięgach&quot; [These books were written in 1750 by Marianna Moszyńska, who, with her superior&#39;s permission, gives them to her beloved sister Scholastica, the Nun of the Rule of Saint Father Benedict, on her nameday[.] With the wish of never-ending all God&#39;s graces and blessings, as numerous as the letters and notes of this book and others of my poor writing given to her, but also in other books that are in libraries all over the world.]</marc:subfield>
		</marc:datafield>
		<marc:datafield tag="500" ind1=" " ind2=" ">
			<marc:subfield code="a">Various inscriptions relating to non-musical content.</marc:subfield>
		</marc:datafield>
		<marc:datafield tag="500" ind1=" " ind2=" ">
			<marc:subfield code="a">74 sacred songs on p. 218-315 rewritten from PL-SA L 1642[a] (RISM ID 1001065337) and L 1642[b] (RISM ID 1001066359) with remarks such as &quot;Z kancyonalików bez centkow&quot; [from cantionals without spots] and &quot;z cancionałow z centkami&quot; [from cantionals with spots] (cover of L 1642[a] has a fine silver stamping [spots] and L 1642[b] does not). Parts written one after another (S 1: p. 218-245; S 2: p. 245-271; S 3: p. 271-291; B: p. 291-315).</marc:subfield>
		</marc:datafield>
		<marc:datafield tag="500" ind1=" " ind2=" ">
			<marc:subfield code="a">6 polyphonic Masses: O gloriosa Domina, Ave stella matutina, Gwiazdo morza, De Nativitate Domini, De Resurrectione Domini, Jesu decus angelorum. Parts of all the Masses written one after another (S 1: p. 315-329; S 2: p. 329-346; B: p. 346-361).</marc:subfield>
		</marc:datafield>
		<marc:datafield tag="500" ind1=" " ind2=" ">
			<marc:subfield code="a">Sacred songs for S or S 1, 2: p.362-372. Polish and Latin songs without notes: p. 372-427. Principles of music and figural singing: p.450-459. Pseudoplainchant mass: p.460-468</marc:subfield>
		</marc:datafield>
		<marc:datafield tag="563" ind1=" " ind2=" ">
			<marc:subfield code="a">Leather hard cover with delicate blind embossing on the front and the back, with small metal buckles; leather book spine missing (detached).</marc:subfield>
			<marc:subfield code="8">01</marc:subfield>
		</marc:datafield>
		<marc:datafield tag="593" ind1=" " ind2=" ">
			<marc:subfield code="a">Manuscript copy</marc:subfield>
			<marc:subfield code="b">Notated music</marc:subfield>
			<marc:subfield code="8">01</marc:subfield>
		</marc:datafield>
		<marc:datafield tag="594" ind1=" " ind2=" ">
			<marc:subfield code="b">no indication</marc:subfield>
		</marc:datafield>
		<marc:datafield tag="594" ind1=" " ind2=" ">
			<marc:subfield code="a">no indication</marc:subfield>
		</marc:datafield>
		<marc:datafield tag="599" ind1=" " ind2=" ">
			<marc:subfield code="b">full</marc:subfield>
		</marc:datafield>
		<marc:datafield tag="650" ind1="0" ind2="7">
			<marc:subfield code="a">Masses</marc:subfield>
			<marc:subfield code="0">25133</marc:subfield>
		</marc:datafield>
		<marc:datafield tag="650" ind1="0" ind2="7">
			<marc:subfield code="a">Sacred songs</marc:subfield>
			<marc:subfield code="0">25250</marc:subfield>
		</marc:datafield>
		<marc:datafield tag="650" ind1="0" ind2="7">
			<marc:subfield code="a">Chants</marc:subfield>
			<marc:subfield code="0">3901612</marc:subfield>
		</marc:datafield>
		<marc:datafield tag="650" ind1="0" ind2="7">
			<marc:subfield code="a">Treatises</marc:subfield>
			<marc:subfield code="0">3019630</marc:subfield>
		</marc:datafield>
		<marc:datafield tag="691" ind1=" " ind2="7">
			<marc:subfield code="a">ŚwierczekK 1958</marc:subfield>
			<marc:subfield code="n">p. 308</marc:subfield>
			<marc:subfield code="0">41002006</marc:subfield>
		</marc:datafield>
		<marc:datafield tag="691" ind1=" " ind2="7">
			<marc:subfield code="a">ŚwierczekK 1965</marc:subfield>
			<marc:subfield code="n">p. 264, 277</marc:subfield>
			<marc:subfield code="0">1891</marc:subfield>
		</marc:datafield>
		<marc:datafield tag="691" ind1=" " ind2="7">
			<marc:subfield code="a">TrościńskiR 2014</marc:subfield>
			<marc:subfield code="n">passim</marc:subfield>
			<marc:subfield code="0">41002005</marc:subfield>
		</marc:datafield>
		<marc:datafield tag="700" ind1="1" ind2=" ">
			<marc:subfield code="a">Moszyńska, Marianna</marc:subfield>
			<marc:subfield code="d">1715c-1782</marc:subfield>
			<marc:subfield code="j">Ascertained</marc:subfield>
			<marc:subfield code="0">41022153</marc:subfield>
			<marc:subfield code="4">scr</marc:subfield>
		</marc:datafield>
		<marc:datafield tag="700" ind1="1" ind2=" ">
			<marc:subfield code="a">Moszyńska, Scholastyka</marc:subfield>
			<marc:subfield code="d">1729c-1804</marc:subfield>
			<marc:subfield code="j">Ascertained</marc:subfield>
			<marc:subfield code="0">41022154</marc:subfield>
			<marc:subfield code="4">dte</marc:subfield>
		</marc:datafield>
		<marc:datafield tag="710" ind1="2" ind2=" ">
			<marc:subfield code="a">Klasztor Benedyktynek w Sandomierzu</marc:subfield>
			<marc:subfield code="c">Sandomierz</marc:subfield>
			<marc:subfield code="g">Ascertained</marc:subfield>
			<marc:subfield code="0">51000713</marc:subfield>
			<marc:subfield code="4">fmo</marc:subfield>
		</marc:datafield>
		<marc:datafield tag="774" ind1="1" ind2="8">
			<marc:subfield code="a">Anonymus - Salve regina - V (3)</marc:subfield>
			<marc:subfield code="w">1001071898</marc:subfield>
		</marc:datafield>
		<marc:datafield tag="774" ind1="1" ind2="8">
			<marc:subfield code="a">Anonymus - Omni die dic Mariae - V (4)</marc:subfield>
			<marc:subfield code="w">1001071901</marc:subfield>
		</marc:datafield>
		<marc:datafield tag="774" ind1="1" ind2="8">
			<marc:subfield code="a">Anonymus - Ave maris stella - V (3)</marc:subfield>
			<marc:subfield code="w">1001071905</marc:subfield>
		</marc:datafield>
		<marc:datafield tag="774" ind1="1" ind2="8">
			<marc:subfield code="a">Anonymus - Ave stella matutina - V (4)</marc:subfield>
			<marc:subfield code="w">1001071906</marc:subfield>
		</marc:datafield>
		<marc:datafield tag="774" ind1="1" ind2="8">
			<marc:subfield code="a">Anonymus - Sanctissima Mater Dei - V (4)</marc:subfield>
			<marc:subfield code="w">1001071910</marc:subfield>
		</marc:datafield>
		<marc:datafield tag="774" ind1="1" ind2="8">
			<marc:subfield code="a">Anonymus - O Matko miłościwa - V (4)</marc:subfield>
			<marc:subfield code="w">1001071915</marc:subfield>
		</marc:datafield>
		<marc:datafield tag="774" ind1="1" ind2="8">
			<marc:subfield code="a">Anonymus - Ziemia ożyła - V (3)</marc:subfield>
			<marc:subfield code="w">1001071917</marc:subfield>
		</marc:datafield>
		<marc:datafield tag="774" ind1="1" ind2="8">
			<marc:subfield code="a">Anonymus - Najwyższa Matko wcielonego Boga - V (3)</marc:subfield>
			<marc:subfield code="w">1001071918</marc:subfield>
		</marc:datafield>
		<marc:datafield tag="774" ind1="1" ind2="8">
			<marc:subfield code="a">Anonymus - Przenajświętsza królowa - V (4)</marc:subfield>
			<marc:subfield code="w">1001071920</marc:subfield>
		</marc:datafield>
		<marc:datafield tag="774" ind1="1" ind2="8">
			<marc:subfield code="a">Anonymus - Tobie nad pomysł - V (4)</marc:subfield>
			<marc:subfield code="w">1001071921</marc:subfield>
		</marc:datafield>
		<marc:datafield tag="774" ind1="1" ind2="8">
			<marc:subfield code="a">Anonymus - Głos wdzięczny z nieba - V (4)</marc:subfield>
			<marc:subfield code="w">1001071932</marc:subfield>
		</marc:datafield>
		<marc:datafield tag="774" ind1="1" ind2="8">
			<marc:subfield code="a">Anonymus - Urząd zbawienia ludzkiego - V (4)</marc:subfield>
			<marc:subfield code="w">1001071935</marc:subfield>
		</marc:datafield>
		<marc:datafield tag="774" ind1="1" ind2="8">
			<marc:subfield code="a">Anonymus - Gwiazdo morza głębokiego - V (3)</marc:subfield>
			<marc:subfield code="w">1001071940</marc:subfield>
		</marc:datafield>
		<marc:datafield tag="774" ind1="1" ind2="8">
			<marc:subfield code="a">Anonymus - Królewnie wiecznej - V (4)</marc:subfield>
			<marc:subfield code="w">1001071942</marc:subfield>
		</marc:datafield>
		<marc:datafield tag="774" ind1="1" ind2="8">
			<marc:subfield code="a">Anonymus - Córki syjońskie - V (4)</marc:subfield>
			<marc:subfield code="w">1001071943</marc:subfield>
		</marc:datafield>
		<marc:datafield tag="774" ind1="1" ind2="8">
			<marc:subfield code="a">Anonymus - Ecce Dominus veniet - V (4)</marc:subfield>
			<marc:subfield code="w">1001071944</marc:subfield>
		</marc:datafield>
		<marc:datafield tag="774" ind1="1" ind2="8">
			<marc:subfield code="a">Anonymus - Mass - V (3)</marc:subfield>
			<marc:subfield code="w">1001071992</marc:subfield>
		</marc:datafield>
		<marc:datafield tag="774" ind1="1" ind2="8">
			<marc:subfield code="a">Anonymus - Mass - V (3)</marc:subfield>
			<marc:subfield code="w">1001071996</marc:subfield>
		</marc:datafield>
		<marc:datafield tag="774" ind1="1" ind2="8">
			<marc:subfield code="a">Anonymus - Mass - V (3)</marc:subfield>
			<marc:subfield code="w">1001071999</marc:subfield>
		</marc:datafield>
		<marc:datafield tag="774" ind1="1" ind2="8">
			<marc:subfield code="a">Anonymus - Mass - V (3)</marc:subfield>
			<marc:subfield code="w">1001072001</marc:subfield>
		</marc:datafield>
		<marc:datafield tag="774" ind1="1" ind2="8">
			<marc:subfield code="a">Anonymus - Principles of Music</marc:subfield>
			<marc:subfield code="w">1001072008</marc:subfield>
		</marc:datafield>
		<marc:datafield tag="774" ind1="1" ind2="8">
			<marc:subfield code="a">Anonymus - Salve parvule, dzieciątko dostojne - V (4)</marc:subfield>
			<marc:subfield code="w">1001072240</marc:subfield>
		</marc:datafield>
		<marc:datafield tag="774" ind1="1" ind2="8">
			<marc:subfield code="a">Anonymus - Angelus pastoribus - V (4)</marc:subfield>
			<marc:subfield code="w">1001072241</marc:subfield>
		</marc:datafield>
		<marc:datafield tag="774" ind1="1" ind2="8">
			<marc:subfield code="a">Anonymus - Śpijże Dziecię malusieńkie - V (3)</marc:subfield>
			<marc:subfield code="w">1001072243</marc:subfield>
		</marc:datafield>
		<marc:datafield tag="774" ind1="1" ind2="8">
			<marc:subfield code="a">Anonymus - Resonet in laudibus - V (4)</marc:subfield>
			<marc:subfield code="w">1001072244</marc:subfield>
		</marc:datafield>
		<marc:datafield tag="774" ind1="1" ind2="8">
			<marc:subfield code="a">Anonymus - Cur flos Jesu dulcis - V (4)</marc:subfield>
			<marc:subfield code="w">1001072245</marc:subfield>
		</marc:datafield>
		<marc:datafield tag="774" ind1="1" ind2="8">
			<marc:subfield code="a">Anonymus - Psallite senes - V (4)</marc:subfield>
			<marc:subfield code="w">1001072248</marc:subfield>
		</marc:datafield>
		<marc:datafield tag="774" ind1="1" ind2="8">
			<marc:subfield code="a">Anonymus - Puer nobis nascitur - V (3)</marc:subfield>
			<marc:subfield code="w">1001072249</marc:subfield>
		</marc:datafield>
		<marc:datafield tag="774" ind1="1" ind2="8">
			<marc:subfield code="a">Anonymus - Nie chwalcie dziś - V (4)</marc:subfield>
			<marc:subfield code="w">1001072250</marc:subfield>
		</marc:datafield>
		<marc:datafield tag="774" ind1="1" ind2="8">
			<marc:subfield code="a">Anonymus - Angelus ad pastores ait - V (4)</marc:subfield>
			<marc:subfield code="w">1001072251</marc:subfield>
		</marc:datafield>
		<marc:datafield tag="774" ind1="1" ind2="8">
			<marc:subfield code="a">Anonymus - Quem vidistis pastores - V (4)</marc:subfield>
			<marc:subfield code="w">1001072252</marc:subfield>
		</marc:datafield>
		<marc:datafield tag="774" ind1="1" ind2="8">
			<marc:subfield code="a">Anonymus - Hodie Christus natus est - V (4)</marc:subfield>
			<marc:subfield code="w">1001072253</marc:subfield>
		</marc:datafield>
		<marc:datafield tag="774" ind1="1" ind2="8">
			<marc:subfield code="a">Anonymus - Witaj Jezu ukochany - V (3)</marc:subfield>
			<marc:subfield code="w">1001072254</marc:subfield>
		</marc:datafield>
		<marc:datafield tag="774" ind1="1" ind2="8">
			<marc:subfield code="a">Anonymus - Natus est parvulus hodie - V (3)</marc:subfield>
			<marc:subfield code="w">1001072255</marc:subfield>
		</marc:datafield>
		<marc:datafield tag="774" ind1="1" ind2="8">
			<marc:subfield code="a">Anonymus - Dicite nobis pastores - V (3)</marc:subfield>
			<marc:subfield code="w">1001072257</marc:subfield>
		</marc:datafield>
		<marc:datafield tag="774" ind1="1" ind2="8">
			<marc:subfield code="a">Anonymus - Decantemus hodie - V (3)</marc:subfield>
			<marc:subfield code="w">1001072258</marc:subfield>
		</marc:datafield>
		<marc:datafield tag="774" ind1="1" ind2="8">
			<marc:subfield code="a">Anonymus - Zginąć nie mogę - V (4)</marc:subfield>
			<marc:subfield code="w">1001072259</marc:subfield>
		</marc:datafield>
		<marc:datafield tag="774" ind1="1" ind2="8">
			<marc:subfield code="a">Anonymus - Ave Pater benedicte - V (4)</marc:subfield>
			<marc:subfield code="w">1001072260</marc:subfield>
		</marc:datafield>
		<marc:datafield tag="774" ind1="1" ind2="8">
			<marc:subfield code="a">Anonymus - O Jezu jakoś ciężko skatowany - V (4)</marc:subfield>
			<marc:subfield code="w">1001072261</marc:subfield>
		</marc:datafield>
		<marc:datafield tag="774" ind1="1" ind2="8">
			<marc:subfield code="a">Anonymus - Rusz się stworzenie - V (4)</marc:subfield>
			<marc:subfield code="w">1001072263</marc:subfield>
		</marc:datafield>
		<marc:datafield tag="774" ind1="1" ind2="8">
			<marc:subfield code="a">Anonymus - Żałosna Matko - V (4)</marc:subfield>
			<marc:subfield code="w">1001072264</marc:subfield>
		</marc:datafield>
		<marc:datafield tag="774" ind1="1" ind2="8">
			<marc:subfield code="a">Anonymus - Wszyscy mieszkańcy domu niebieskiego - V (4)</marc:subfield>
			<marc:subfield code="w">1001072266</marc:subfield>
		</marc:datafield>
		<marc:datafield tag="774" ind1="1" ind2="8">
			<marc:subfield code="a">Anonymus - I któż jest tak bardzo serca kamiennego - V (4)</marc:subfield>
			<marc:subfield code="w">1001072297</marc:subfield>
		</marc:datafield>
		<marc:datafield tag="774" ind1="1" ind2="8">
			<marc:subfield code="a">Anonymus - Któż mi doda gorzkich łez - V (4)</marc:subfield>
			<marc:subfield code="w">1001072298</marc:subfield>
		</marc:datafield>
		<marc:datafield tag="774" ind1="1" ind2="8">
			<marc:subfield code="a">Anonymus - Jezu mój Jezu jedyny - V (4)</marc:subfield>
			<marc:subfield code="w">1001072299</marc:subfield>
		</marc:datafield>
		<marc:datafield tag="774" ind1="1" ind2="8">
			<marc:subfield code="a">Anonymus - Ave manus dextra Christi - V (4)</marc:subfield>
			<marc:subfield code="w">1001072301</marc:subfield>
		</marc:datafield>
		<marc:datafield tag="774" ind1="1" ind2="8">
			<marc:subfield code="a">Anonymus - In passione Domini - V (4)</marc:subfield>
			<marc:subfield code="w">1001072307</marc:subfield>
		</marc:datafield>
		<marc:datafield tag="774" ind1="1" ind2="8">
			<marc:subfield code="a">Anonymus - Czemu niewdzięczne oko - V (4)</marc:subfield>
			<marc:subfield code="w">1001072308</marc:subfield>
		</marc:datafield>
		<marc:datafield tag="774" ind1="1" ind2="8">
			<marc:subfield code="a">Anonymus - Synu Boży przecz na tym drzewie zawieszony - V (4)</marc:subfield>
			<marc:subfield code="w">1001072311</marc:subfield>
		</marc:datafield>
		<marc:datafield tag="774" ind1="1" ind2="8">
			<marc:subfield code="a">Anonymus - O Baranku niewinny - V (4)</marc:subfield>
			<marc:subfield code="w">1001072313</marc:subfield>
		</marc:datafield>
		<marc:datafield tag="774" ind1="1" ind2="8">
			<marc:subfield code="a">Anonymus - Rozmyślajmy dziś wierni chrześcijanie - V (4)</marc:subfield>
			<marc:subfield code="w">1001072315</marc:subfield>
		</marc:datafield>
		<marc:datafield tag="774" ind1="1" ind2="8">
			<marc:subfield code="a">Anonymus - Surrexit Christus hodie - V (4)</marc:subfield>
			<marc:subfield code="w">1001072317</marc:subfield>
		</marc:datafield>
		<marc:datafield tag="774" ind1="1" ind2="8">
			<marc:subfield code="a">Anonymus - Surrexit Christus hodie - V (4)</marc:subfield>
			<marc:subfield code="w">1001072318</marc:subfield>
		</marc:datafield>
		<marc:datafield tag="774" ind1="1" ind2="8">
			<marc:subfield code="a">Anonymus - Surrexit Christus hodie - V (4)</marc:subfield>
			<marc:subfield code="w">1001072320</marc:subfield>
		</marc:datafield>
		<marc:datafield tag="774" ind1="1" ind2="8">
			<marc:subfield code="a">Anonymus - Haec dies quam fecit Dominus - V (4)</marc:subfield>
			<marc:subfield code="w">1001072321</marc:subfield>
		</marc:datafield>
		<marc:datafield tag="774" ind1="1" ind2="8">
			<marc:subfield code="a">Anonymus - Surrexit Dominus valete luctus - V (4)</marc:subfield>
			<marc:subfield code="w">1001072323</marc:subfield>
		</marc:datafield>
		<marc:datafield tag="774" ind1="1" ind2="8">
			<marc:subfield code="a">Anonymus - Angelus Domini descendit - V (4)</marc:subfield>
			<marc:subfield code="w">1001072325</marc:subfield>
		</marc:datafield>
		<marc:datafield tag="774" ind1="1" ind2="8">
			<marc:subfield code="a">Anonymus - Chrystus zmartwychwstał jest - V (4)</marc:subfield>
			<marc:subfield code="w">1001072326</marc:subfield>
		</marc:datafield>
		<marc:datafield tag="774" ind1="1" ind2="8">
			<marc:subfield code="a">Anonymus - Regina caeli laetare - V (4)</marc:subfield>
			<marc:subfield code="w">1001072328</marc:subfield>
		</marc:datafield>
		<marc:datafield tag="774" ind1="1" ind2="8">
			<marc:subfield code="a">Anonymus - Veni Creator Spiritus - V (4)</marc:subfield>
			<marc:subfield code="w">1001072330</marc:subfield>
		</marc:datafield>
		<marc:datafield tag="774" ind1="1" ind2="8">
			<marc:subfield code="a">Anonymus - Zawitaj mocny twórco świata - V (4)</marc:subfield>
			<marc:subfield code="w">1001072332</marc:subfield>
		</marc:datafield>
		<marc:datafield tag="774" ind1="1" ind2="8">
			<marc:subfield code="a">Anonymus - Każde stworzenie śpiewaj - V (4)</marc:subfield>
			<marc:subfield code="w">1001072334</marc:subfield>
		</marc:datafield>
		<marc:datafield tag="774" ind1="1" ind2="8">
			<marc:subfield code="a">Anonymus - Salve Deus salve homo - V (4)</marc:subfield>
			<marc:subfield code="w">1001072337</marc:subfield>
		</marc:datafield>
		<marc:datafield tag="774" ind1="1" ind2="8">
			<marc:subfield code="a">Lilius, Franciszek - Sacris solemniis juncta sint gaudia - V (4)</marc:subfield>
			<marc:subfield code="w">1001072339</marc:subfield>
		</marc:datafield>
		<marc:datafield tag="774" ind1="1" ind2="8">
			<marc:subfield code="a">Anonymus - Ave magne Rex caelorum - V (4)</marc:subfield>
			<marc:subfield code="w">1001072341</marc:subfield>
		</marc:datafield>
		<marc:datafield tag="774" ind1="1" ind2="8">
			<marc:subfield code="a">Anonymus - Ecce panis angelorum - V (4)</marc:subfield>
			<marc:subfield code="w">1001072343</marc:subfield>
		</marc:datafield>
		<marc:datafield tag="774" ind1="1" ind2="8">
			<marc:subfield code="a">Anonymus - Bądź cześć chwała - V (3)</marc:subfield>
			<marc:subfield code="w">1001072344</marc:subfield>
		</marc:datafield>
		<marc:datafield tag="774" ind1="1" ind2="8">
			<marc:subfield code="a">Anonymus - Media vita in morte sumus - V (4)</marc:subfield>
			<marc:subfield code="w">1001072346</marc:subfield>
		</marc:datafield>
		<marc:datafield tag="774" ind1="1" ind2="8">
			<marc:subfield code="a">Anonymus - Da pacem Domine - V (4)</marc:subfield>
			<marc:subfield code="w">1001072347</marc:subfield>
		</marc:datafield>
		<marc:datafield tag="774" ind1="1" ind2="8">
			<marc:subfield code="a">Anonymus - Salve cordis gaudium - V (3)</marc:subfield>
			<marc:subfield code="w">1001072349</marc:subfield>
		</marc:datafield>
		<marc:datafield tag="774" ind1="1" ind2="8">
			<marc:subfield code="a">Anonymus - Rex virtutum gloriae - V (3)</marc:subfield>
			<marc:subfield code="w">1001072352</marc:subfield>
		</marc:datafield>
		<marc:datafield tag="774" ind1="1" ind2="8">
			<marc:subfield code="a">Anonymus - O bone Jesu - V (4)</marc:subfield>
			<marc:subfield code="w">1001072353</marc:subfield>
		</marc:datafield>
		<marc:datafield tag="774" ind1="1" ind2="8">
			<marc:subfield code="a">Anonymus - Deduc me Domine - V (4)</marc:subfield>
			<marc:subfield code="w">1001072355</marc:subfield>
		</marc:datafield>
		<marc:datafield tag="774" ind1="1" ind2="8">
			<marc:subfield code="a">Anonymus - Benedicam Dominum - V (4)</marc:subfield>
			<marc:subfield code="w">1001072356</marc:subfield>
		</marc:datafield>
		<marc:datafield tag="774" ind1="1" ind2="8">
			<marc:subfield code="a">Anonymus - Martine sancte pontifex - V (4)</marc:subfield>
			<marc:subfield code="w">1001072358</marc:subfield>
		</marc:datafield>
		<marc:datafield tag="774" ind1="1" ind2="8">
			<marc:subfield code="a">Anonymus - Catharinae virginis laudes - V (4)</marc:subfield>
			<marc:subfield code="w">1001072359</marc:subfield>
		</marc:datafield>
		<marc:datafield tag="774" ind1="1" ind2="8">
			<marc:subfield code="a">Anonymus - Nicolai solemnia sua - V (4)</marc:subfield>
			<marc:subfield code="w">1001072361</marc:subfield>
		</marc:datafield>
		<marc:datafield tag="774" ind1="1" ind2="8">
			<marc:subfield code="a">Anonymus - Wszystka pięknaś jest jedyna - S (2)</marc:subfield>
			<marc:subfield code="w">1001072365</marc:subfield>
		</marc:datafield>
		<marc:datafield tag="774" ind1="1" ind2="8">
			<marc:subfield code="a">Anonymus - O Sancta maria caelorum Regina - S</marc:subfield>
			<marc:subfield code="w">1001072369</marc:subfield>
		</marc:datafield>
		<marc:datafield tag="774" ind1="1" ind2="8">
			<marc:subfield code="a">Anonymus - Triumfuj świecie a górne Syjony - S (2)</marc:subfield>
			<marc:subfield code="w">1001072371</marc:subfield>
		</marc:datafield>
		<marc:datafield tag="774" ind1="1" ind2="8">
			<marc:subfield code="a">Anonymus - Tu thronus regius Maria - S</marc:subfield>
			<marc:subfield code="w">1001072373</marc:subfield>
		</marc:datafield>
		<marc:datafield tag="774" ind1="1" ind2="8">
			<marc:subfield code="a">Anonymus - Insignis Mater praepotentis Dei - S</marc:subfield>
			<marc:subfield code="w">1001072374</marc:subfield>
		</marc:datafield>
		<marc:datafield tag="774" ind1="1" ind2="8">
			<marc:subfield code="a">Anonymus - Wesołe i wdzięczne zstąpcie z nieba pienia - S</marc:subfield>
			<marc:subfield code="w">1001072378</marc:subfield>
		</marc:datafield>
		<marc:datafield tag="774" ind1="1" ind2="8">
			<marc:subfield code="a">Anonymus - Pani nad ziemią Krolowa w niebie - S</marc:subfield>
			<marc:subfield code="w">1001072382</marc:subfield>
		</marc:datafield>
		<marc:datafield tag="774" ind1="1" ind2="8">
			<marc:subfield code="a">Anonymus - Maryja na niebie królujesz - S</marc:subfield>
			<marc:subfield code="w">1001072384</marc:subfield>
		</marc:datafield>
		<marc:datafield tag="774" ind1="1" ind2="8">
			<marc:subfield code="a">Anonymus - Nieba królowa Maryja wybrana - S</marc:subfield>
			<marc:subfield code="w">1001072385</marc:subfield>
		</marc:datafield>
		<marc:datafield tag="774" ind1="1" ind2="8">
			<marc:subfield code="a">Anonymus - Jako róża między kolącym głogiem - S</marc:subfield>
			<marc:subfield code="w">1001072386</marc:subfield>
		</marc:datafield>
		<marc:datafield tag="774" ind1="1" ind2="8">
			<marc:subfield code="a">Anonymus - Quem pastores laudavere - V (4)</marc:subfield>
			<marc:subfield code="w">1001072387</marc:subfield>
		</marc:datafield>
		<marc:datafield tag="774" ind1="1" ind2="8">
			<marc:subfield code="a">Anonymus - Dziecino niebieska niewinna - S</marc:subfield>
			<marc:subfield code="w">1001072389</marc:subfield>
		</marc:datafield>
		<marc:datafield tag="774" ind1="1" ind2="8">
			<marc:subfield code="a">Anonymus - Infinite bonitatis - S</marc:subfield>
			<marc:subfield code="w">1001072390</marc:subfield>
		</marc:datafield>
		<marc:datafield tag="774" ind1="1" ind2="8">
			<marc:subfield code="a">Anonymus - Witaj Jezu najśliczniejszy - S</marc:subfield>
			<marc:subfield code="w">1001072391</marc:subfield>
		</marc:datafield>
		<marc:datafield tag="774" ind1="1" ind2="8">
			<marc:subfield code="a">Anonymus - Meum tu gaudium - S</marc:subfield>
			<marc:subfield code="w">1001072392</marc:subfield>
		</marc:datafield>
		<marc:datafield tag="774" ind1="1" ind2="8">
			<marc:subfield code="a">Anonymus - Vis tibi dicam Jesu - S</marc:subfield>
			<marc:subfield code="w">1001072393</marc:subfield>
		</marc:datafield>
		<marc:datafield tag="774" ind1="1" ind2="8">
			<marc:subfield code="a">Anonymus - O salutaris hostia - S</marc:subfield>
			<marc:subfield code="w">1001072394</marc:subfield>
		</marc:datafield>
		<marc:datafield tag="774" ind1="1" ind2="8">
			<marc:subfield code="a">Anonymus - Dobry dzień o mój Jezu - S</marc:subfield>
			<marc:subfield code="w">1001072395</marc:subfield>
		</marc:datafield>
		<marc:datafield tag="774" ind1="1" ind2="8">
			<marc:subfield code="a">Anonymus - Amo te dulcis Jesu mi - S</marc:subfield>
			<marc:subfield code="w">1001072396</marc:subfield>
		</marc:datafield>
		<marc:datafield tag="774" ind1="1" ind2="8">
			<marc:subfield code="a">Anonymus - Bone Jesu Salus mea - S</marc:subfield>
			<marc:subfield code="w">1001072397</marc:subfield>
		</marc:datafield>
		<marc:datafield tag="774" ind1="1" ind2="8">
			<marc:subfield code="a">Anonymus - Dulcedo Jesu mentium - S</marc:subfield>
			<marc:subfield code="w">1001072398</marc:subfield>
		</marc:datafield>
		<marc:datafield tag="774" ind1="1" ind2="8">
			<marc:subfield code="a">Anonymus - Długo się bawić będziesz - S</marc:subfield>
			<marc:subfield code="w">1001072399</marc:subfield>
		</marc:datafield>
		<marc:datafield tag="774" ind1="1" ind2="8">
			<marc:subfield code="a">Anonymus - Mass - V (3)</marc:subfield>
			<marc:subfield code="w">1001123510</marc:subfield>
		</marc:datafield>
		<marc:datafield tag="774" ind1="1" ind2="8">
			<marc:subfield code="a">Anonymus - Annuntio vobis quod natus est - V (4)</marc:subfield>
			<marc:subfield code="w">1001123526</marc:subfield>
		</marc:datafield>
		<marc:datafield tag="774" ind1="1" ind2="8">
			<marc:subfield code="a">Anonymus - Mass - S (2)</marc:subfield>
			<marc:subfield code="w">1001123557</marc:subfield>
		</marc:datafield>
		<marc:datafield tag="852" ind1=" " ind2=" ">
			<marc:subfield code="a">PL-SA</marc:subfield>
			<marc:subfield code="c">L 1644</marc:subfield>
			<marc:subfield code="e">Biblioteka Diecezjalna w Sandomierzu</marc:subfield>
			<marc:subfield code="x">30003584</marc:subfield>
		</marc:datafield>
		<marc:datafield tag="980" ind1=" " ind2=" ">
			<marc:subfield code="a">RISM</marc:subfield>
			<marc:subfield code="c">examined</marc:subfield>
		</marc:datafield>
	</marc:record>