

	<marc:record>
		<marc:leader>00000ndc a2200000 u 4500</marc:leader>
		<marc:controlfield tag="001">1001066772</marc:controlfield>
		<marc:controlfield tag="003">DE-633</marc:controlfield>
		<marc:datafield tag="040" ind1=" " ind2=" ">
			<marc:subfield code="a">DE-633</marc:subfield>
			<marc:subfield code="b">eng</marc:subfield>
		</marc:datafield>
		<marc:datafield tag="130" ind1="0" ind2=" ">
			<marc:subfield code="a">Organist&#39;s Book</marc:subfield>
			<marc:subfield code="0">5218434</marc:subfield>
		</marc:datafield>
		<marc:datafield tag="245" ind1="1" ind2="0">
			<marc:subfield code="a">[without title]</marc:subfield>
		</marc:datafield>
		<marc:datafield tag="246" ind1="2" ind2=" ">
			<marc:subfield code="a">[Inscription on a card glued to inner side of the cover:] &quot;Roku Pan. 1796 dnia 13 aprilis: | Daie się nazawsze do Choru Xięga Pisana | ze Mszami y roznemi notami, która pracą | jest własnych rąk Jadwigi Dygulski Z[akonu] R[eguły] | S]więtego] O[jca] B[enedykta], zostawiła wielką pamiątkę posobie, dla | tego obowiązek jest pamiętać o jej Duszy. | Obliguje przełożona, aby niebyła w poniewierce |  ale w konserwie wielkiej, bo zapewne nikt się | nie zdobędzie na zostawienie tak slicznej pamią | tki po sobie. Oprocz Panny Marianny Mo | szyński i Jadwigi Dygulski. Które Xię | gi do śpiewania y do grania najlepsze dla | pamiątki y Chwały Boskiej zostawiły, za  | których dusze niech będzie Pamięć przed | Bogiem nazawsze. | M. Siemianowska X[ieni] | ZOSB mpr&quot;[A.D. 1796, 13 April: I give forever to the choir this handwritten book with masses and other music, being the work of Jadwiga Dygulska&#39;s OSB own hands; she left it as her rememberance and it is our duty to remember about her soul. The abbess orders everyone that it be not neglected but highly esteemed as presumably no one will ever bring themselves to leave such a splendid souvenir apart from Ms Marianna Moszyńska and Jadwiga Dygulska who left the greatest books for playing and singing as souvenirs and to the glory of God. We shall always remember about their souls before God. M. Siemianowska]</marc:subfield>
		</marc:datafield>
		<marc:datafield tag="260" ind1=" " ind2=" ">
			<marc:subfield code="c">after 1753 - before 1796</marc:subfield>
			<marc:subfield code="8">01</marc:subfield>
		</marc:datafield>
		<marc:datafield tag="300" ind1=" " ind2=" ">
			<marc:subfield code="a">other</marc:subfield>
			<marc:subfield code="c">37,5 x 24,5 cm</marc:subfield>
			<marc:subfield code="8">01</marc:subfield>
		</marc:datafield>
		<marc:datafield tag="500" ind1=" " ind2=" ">
			<marc:subfield code="a">The source contains pieces for Canto and figured bass, instrumental keyboard pieces and didactic remarks.</marc:subfield>
			<marc:subfield code="8">01</marc:subfield>
		</marc:datafield>
		<marc:datafield tag="500" ind1=" " ind2=" ">
			<marc:subfield code="a">Three loose cards of different sizes, kinds of paper and copyist&#39;s hands with unidentified Mass fragments at the end of the book.</marc:subfield>
			<marc:subfield code="8">01</marc:subfield>
		</marc:datafield>
		<marc:datafield tag="500" ind1=" " ind2=" ">
			<marc:subfield code="a">164 pages numbered by the copyist. Until the 51 page: plainchant or pseudoplainchant masses with figured bass for some Patrem movements (masses without records: Easter, Solemn, Apostolic, for Duplex Feasts, for regular Sundays, Saturday&#39;s votive, for Corpus Christi, Rorate, Requiem, for Christmas, &quot;Msza Kasinska&quot; [Casinensis], &quot;Msza Farwanska&quot; [Carter&#39;s mass?], pp. 1-18), Canto part and figured bass for masses and mass movements (pp. 19-50). Blank pages  46-47. Some didactic remarks on principles of music written on the pages 49-50. 139 solo compositions intended for a keyboard instrument written on pages 51-164 (with the exception of two missing cards with pages numbered 117-120).</marc:subfield>
		</marc:datafield>
		<marc:datafield tag="500" ind1=" " ind2=" ">
			<marc:subfield code="a">Inscription at the top of p. 59: &quot;L[aus] I[esu] H[risti] amen | Patybulum I: P: Dygulski y dobtodzieyce moi donożek u padam&quot; [Patibulum I. P. Dygulska (?) and I fall at my benefactress feet]</marc:subfield>
		</marc:datafield>
		<marc:datafield tag="563" ind1=" " ind2=" ">
			<marc:subfield code="a">The book bound in the hard cardboard binding covered with brown leather, delicate blind embossing on the edges. Remnants of narrow leather ties. Marbled paper on the inner side of the cover.</marc:subfield>
			<marc:subfield code="8">01</marc:subfield>
		</marc:datafield>
		<marc:datafield tag="590" ind1=" " ind2=" ">
			<marc:subfield code="a">S,  org (= bc), keyb</marc:subfield>
			<marc:subfield code="b">p. 1-164</marc:subfield>
			<marc:subfield code="8">01</marc:subfield>
		</marc:datafield>
		<marc:datafield tag="593" ind1=" " ind2=" ">
			<marc:subfield code="a">Manuscript copy</marc:subfield>
			<marc:subfield code="b">Notated music</marc:subfield>
			<marc:subfield code="8">01</marc:subfield>
		</marc:datafield>
		<marc:datafield tag="594" ind1=" " ind2=" ">
			<marc:subfield code="b">no indication</marc:subfield>
		</marc:datafield>
		<marc:datafield tag="594" ind1=" " ind2=" ">
			<marc:subfield code="a">no indication</marc:subfield>
		</marc:datafield>
		<marc:datafield tag="599" ind1=" " ind2=" ">
			<marc:subfield code="b">full</marc:subfield>
		</marc:datafield>
		<marc:datafield tag="650" ind1="0" ind2="7">
			<marc:subfield code="a">Keyboard music</marc:subfield>
			<marc:subfield code="0">3900079</marc:subfield>
		</marc:datafield>
		<marc:datafield tag="650" ind1="0" ind2="7">
			<marc:subfield code="a">Masses</marc:subfield>
			<marc:subfield code="0">25133</marc:subfield>
		</marc:datafield>
		<marc:datafield tag="650" ind1="0" ind2="7">
			<marc:subfield code="a">Sacred songs</marc:subfield>
			<marc:subfield code="0">25250</marc:subfield>
		</marc:datafield>
		<marc:datafield tag="691" ind1=" " ind2="7">
			<marc:subfield code="a">ŚwierczekK 1965</marc:subfield>
			<marc:subfield code="n">p. 277</marc:subfield>
			<marc:subfield code="0">1891</marc:subfield>
		</marc:datafield>
		<marc:datafield tag="691" ind1=" " ind2="7">
			<marc:subfield code="a">GołosJ 2012</marc:subfield>
			<marc:subfield code="n">p. 1-261</marc:subfield>
			<marc:subfield code="0">41002009</marc:subfield>
		</marc:datafield>
		<marc:datafield tag="691" ind1=" " ind2="7">
			<marc:subfield code="a">Dmeński, Walter-MazurC 2013</marc:subfield>
			<marc:subfield code="n">p. 53-71</marc:subfield>
			<marc:subfield code="0">41002008</marc:subfield>
		</marc:datafield>
		<marc:datafield tag="691" ind1=" " ind2="7">
			<marc:subfield code="a">Walter-MazurF 2014</marc:subfield>
			<marc:subfield code="n">p. 195-196, 220-234</marc:subfield>
			<marc:subfield code="0">41001147</marc:subfield>
		</marc:datafield>
		<marc:datafield tag="691" ind1=" " ind2="7">
			<marc:subfield code="a">Walter-MazurM 2018</marc:subfield>
			<marc:subfield code="n">p. 189-190, 213-223</marc:subfield>
			<marc:subfield code="0">41001944</marc:subfield>
		</marc:datafield>
		<marc:datafield tag="700" ind1="1" ind2=" ">
			<marc:subfield code="a">Dygulska, Jadwiga</marc:subfield>
			<marc:subfield code="d">1722c-1796</marc:subfield>
			<marc:subfield code="j">Ascertained</marc:subfield>
			<marc:subfield code="0">41012126</marc:subfield>
			<marc:subfield code="4">scr</marc:subfield>
		</marc:datafield>
		<marc:datafield tag="700" ind1="1" ind2=" ">
			<marc:subfield code="a">Dygulska, Jadwiga</marc:subfield>
			<marc:subfield code="d">1722c-1796</marc:subfield>
			<marc:subfield code="j">Ascertained</marc:subfield>
			<marc:subfield code="0">41012126</marc:subfield>
			<marc:subfield code="4">fmo</marc:subfield>
		</marc:datafield>
		<marc:datafield tag="710" ind1="2" ind2=" ">
			<marc:subfield code="a">Klasztor Benedyktynek w Sandomierzu</marc:subfield>
			<marc:subfield code="c">Sandomierz</marc:subfield>
			<marc:subfield code="g">Ascertained</marc:subfield>
			<marc:subfield code="0">51000713</marc:subfield>
			<marc:subfield code="4">fmo</marc:subfield>
		</marc:datafield>
		<marc:datafield tag="730" ind1="0" ind2=" ">
			<marc:subfield code="a">Book of Jadwiga Dygulska</marc:subfield>
			<marc:subfield code="g">RISM</marc:subfield>
			<marc:subfield code="0">5197886</marc:subfield>
		</marc:datafield>
		<marc:datafield tag="774" ind1="1" ind2="8">
			<marc:subfield code="a">Anonymus - Allemande - keyb</marc:subfield>
			<marc:subfield code="w">1001066782</marc:subfield>
		</marc:datafield>
		<marc:datafield tag="774" ind1="1" ind2="8">
			<marc:subfield code="a">Anonymus - Prelude - keyb</marc:subfield>
			<marc:subfield code="w">1001066787</marc:subfield>
		</marc:datafield>
		<marc:datafield tag="774" ind1="1" ind2="8">
			<marc:subfield code="a">Anonymus - Keyboard piece - keyb</marc:subfield>
			<marc:subfield code="w">1001066828</marc:subfield>
		</marc:datafield>
		<marc:datafield tag="774" ind1="1" ind2="8">
			<marc:subfield code="a">Anonymus - Keyboard piece - keyb</marc:subfield>
			<marc:subfield code="w">1001066830</marc:subfield>
		</marc:datafield>
		<marc:datafield tag="774" ind1="1" ind2="8">
			<marc:subfield code="a">Anonymus - Keyboard piece - keyb</marc:subfield>
			<marc:subfield code="w">1001066832</marc:subfield>
		</marc:datafield>
		<marc:datafield tag="774" ind1="1" ind2="8">
			<marc:subfield code="a">Anonymus - Allemande - keyb</marc:subfield>
			<marc:subfield code="w">1001066833</marc:subfield>
		</marc:datafield>
		<marc:datafield tag="774" ind1="1" ind2="8">
			<marc:subfield code="a">Anonymus - Keyboard piece - keyb</marc:subfield>
			<marc:subfield code="w">1001068999</marc:subfield>
		</marc:datafield>
		<marc:datafield tag="774" ind1="1" ind2="8">
			<marc:subfield code="a">Anonymus - Keyboard piece - keyb</marc:subfield>
			<marc:subfield code="w">1001069000</marc:subfield>
		</marc:datafield>
		<marc:datafield tag="774" ind1="1" ind2="8">
			<marc:subfield code="a">Anonymus - Keyboard piece - keyb</marc:subfield>
			<marc:subfield code="w">1001069001</marc:subfield>
		</marc:datafield>
		<marc:datafield tag="774" ind1="1" ind2="8">
			<marc:subfield code="a">Hasse, Johann Adolf - Sonata - Excerpts; keyb</marc:subfield>
			<marc:subfield code="w">1001069002</marc:subfield>
		</marc:datafield>
		<marc:datafield tag="774" ind1="1" ind2="8">
			<marc:subfield code="a">Anonymus - Fuga - keyb</marc:subfield>
			<marc:subfield code="w">1001069003</marc:subfield>
		</marc:datafield>
		<marc:datafield tag="774" ind1="1" ind2="8">
			<marc:subfield code="a">Anonymus - Keyboard piece - keyb</marc:subfield>
			<marc:subfield code="w">1001069004</marc:subfield>
		</marc:datafield>
		<marc:datafield tag="774" ind1="1" ind2="8">
			<marc:subfield code="a">Anonymus - Keyboard piece - keyb</marc:subfield>
			<marc:subfield code="w">1001069005</marc:subfield>
		</marc:datafield>
		<marc:datafield tag="774" ind1="1" ind2="8">
			<marc:subfield code="a">Anonymus - Allegro - keyb</marc:subfield>
			<marc:subfield code="w">1001069006</marc:subfield>
		</marc:datafield>
		<marc:datafield tag="774" ind1="1" ind2="8">
			<marc:subfield code="a">Lotti, Antonio - Dalle faville di due pupille - Arr; keyb</marc:subfield>
			<marc:subfield code="w">1001069007</marc:subfield>
		</marc:datafield>
		<marc:datafield tag="774" ind1="1" ind2="8">
			<marc:subfield code="a">Anonymus - Keyboard piece - keyb</marc:subfield>
			<marc:subfield code="w">1001069008</marc:subfield>
		</marc:datafield>
		<marc:datafield tag="774" ind1="1" ind2="8">
			<marc:subfield code="a">Anonymus - Prelude - keyb</marc:subfield>
			<marc:subfield code="w">1001069009</marc:subfield>
		</marc:datafield>
		<marc:datafield tag="774" ind1="1" ind2="8">
			<marc:subfield code="a">Anonymus - Keyboard piece - keyb</marc:subfield>
			<marc:subfield code="w">1001069010</marc:subfield>
		</marc:datafield>
		<marc:datafield tag="774" ind1="1" ind2="8">
			<marc:subfield code="a">Anonymus - Keyboard piece - keyb</marc:subfield>
			<marc:subfield code="w">1001069011</marc:subfield>
		</marc:datafield>
		<marc:datafield tag="774" ind1="1" ind2="8">
			<marc:subfield code="a">Anonymus - Bouree - keyb</marc:subfield>
			<marc:subfield code="w">1001069012</marc:subfield>
		</marc:datafield>
		<marc:datafield tag="774" ind1="1" ind2="8">
			<marc:subfield code="a">Anonymus - Prelude - keyb</marc:subfield>
			<marc:subfield code="w">1001069013</marc:subfield>
		</marc:datafield>
		<marc:datafield tag="774" ind1="1" ind2="8">
			<marc:subfield code="a">Anonymus - Keyboard piece - keyb</marc:subfield>
			<marc:subfield code="w">1001069014</marc:subfield>
		</marc:datafield>
		<marc:datafield tag="774" ind1="1" ind2="8">
			<marc:subfield code="a">Anonymus - Keyboard piece - keyb</marc:subfield>
			<marc:subfield code="w">1001069015</marc:subfield>
		</marc:datafield>
		<marc:datafield tag="774" ind1="1" ind2="8">
			<marc:subfield code="a">Anonymus - Keyboard piece - keyb</marc:subfield>
			<marc:subfield code="w">1001069016</marc:subfield>
		</marc:datafield>
		<marc:datafield tag="774" ind1="1" ind2="8">
			<marc:subfield code="a">Anonymus - Keyboard piece - keyb</marc:subfield>
			<marc:subfield code="w">1001069017</marc:subfield>
		</marc:datafield>
		<marc:datafield tag="774" ind1="1" ind2="8">
			<marc:subfield code="a">Anonymus - Keyboard piece - keyb</marc:subfield>
			<marc:subfield code="w">1001069018</marc:subfield>
		</marc:datafield>
		<marc:datafield tag="774" ind1="1" ind2="8">
			<marc:subfield code="a">Anonymus - Fuga - keyb</marc:subfield>
			<marc:subfield code="w">1001069019</marc:subfield>
		</marc:datafield>
		<marc:datafield tag="774" ind1="1" ind2="8">
			<marc:subfield code="a">Anonymus - Keyboard piece - keyb</marc:subfield>
			<marc:subfield code="w">1001069020</marc:subfield>
		</marc:datafield>
		<marc:datafield tag="774" ind1="1" ind2="8">
			<marc:subfield code="a">Anonymus - Keyboard piece - keyb</marc:subfield>
			<marc:subfield code="w">1001069021</marc:subfield>
		</marc:datafield>
		<marc:datafield tag="774" ind1="1" ind2="8">
			<marc:subfield code="a">Anonymus - Keyboard piece - keyb</marc:subfield>
			<marc:subfield code="w">1001069022</marc:subfield>
		</marc:datafield>
		<marc:datafield tag="774" ind1="1" ind2="8">
			<marc:subfield code="a">Anonymus - Keyboard piece - keyb</marc:subfield>
			<marc:subfield code="w">1001069023</marc:subfield>
		</marc:datafield>
		<marc:datafield tag="774" ind1="1" ind2="8">
			<marc:subfield code="a">Anonymus - Keyboard piece - keyb</marc:subfield>
			<marc:subfield code="w">1001069024</marc:subfield>
		</marc:datafield>
		<marc:datafield tag="774" ind1="1" ind2="8">
			<marc:subfield code="a">Anonymus - Keyboard piece - keyb</marc:subfield>
			<marc:subfield code="w">1001069025</marc:subfield>
		</marc:datafield>
		<marc:datafield tag="774" ind1="1" ind2="8">
			<marc:subfield code="a">Agrell, Johan Joachim - Sonata - Excerpts; keyb</marc:subfield>
			<marc:subfield code="w">1001069026</marc:subfield>
		</marc:datafield>
		<marc:datafield tag="774" ind1="1" ind2="8">
			<marc:subfield code="a">Anonymus - Andante - keyb</marc:subfield>
			<marc:subfield code="w">1001069027</marc:subfield>
		</marc:datafield>
		<marc:datafield tag="774" ind1="1" ind2="8">
			<marc:subfield code="a">Anonymus - Keyboard piece - keyb</marc:subfield>
			<marc:subfield code="w">1001069028</marc:subfield>
		</marc:datafield>
		<marc:datafield tag="774" ind1="1" ind2="8">
			<marc:subfield code="a">Anonymus - Keyboard piece - keyb</marc:subfield>
			<marc:subfield code="w">1001069029</marc:subfield>
		</marc:datafield>
		<marc:datafield tag="774" ind1="1" ind2="8">
			<marc:subfield code="a">Anonymus - Minuet - keyb</marc:subfield>
			<marc:subfield code="w">1001069030</marc:subfield>
		</marc:datafield>
		<marc:datafield tag="774" ind1="1" ind2="8">
			<marc:subfield code="a">Anonymus - Allegro - keyb</marc:subfield>
			<marc:subfield code="w">1001069031</marc:subfield>
		</marc:datafield>
		<marc:datafield tag="774" ind1="1" ind2="8">
			<marc:subfield code="a">Anonymus - Andante - keyb</marc:subfield>
			<marc:subfield code="w">1001069032</marc:subfield>
		</marc:datafield>
		<marc:datafield tag="774" ind1="1" ind2="8">
			<marc:subfield code="a">Anonymus - Allegro - keyb</marc:subfield>
			<marc:subfield code="w">1001069033</marc:subfield>
		</marc:datafield>
		<marc:datafield tag="774" ind1="1" ind2="8">
			<marc:subfield code="a">Anonymus - Minuet - keyb</marc:subfield>
			<marc:subfield code="w">1001069034</marc:subfield>
		</marc:datafield>
		<marc:datafield tag="774" ind1="1" ind2="8">
			<marc:subfield code="a">Anonymus - Sonatina - keyb</marc:subfield>
			<marc:subfield code="w">1001069035</marc:subfield>
		</marc:datafield>
		<marc:datafield tag="774" ind1="1" ind2="8">
			<marc:subfield code="a">Anonymus - Keyboard piece - keyb</marc:subfield>
			<marc:subfield code="w">1001069036</marc:subfield>
		</marc:datafield>
		<marc:datafield tag="774" ind1="1" ind2="8">
			<marc:subfield code="a">Anonymus - Keyboard piece - keyb</marc:subfield>
			<marc:subfield code="w">1001069037</marc:subfield>
		</marc:datafield>
		<marc:datafield tag="774" ind1="1" ind2="8">
			<marc:subfield code="a">Anonymus - Keyboard piece - keyb</marc:subfield>
			<marc:subfield code="w">1001069038</marc:subfield>
		</marc:datafield>
		<marc:datafield tag="774" ind1="1" ind2="8">
			<marc:subfield code="a">Anonymus - Symphony - Arr; keyb</marc:subfield>
			<marc:subfield code="w">1001069039</marc:subfield>
		</marc:datafield>
		<marc:datafield tag="774" ind1="1" ind2="8">
			<marc:subfield code="a">Riepel, Joseph - Sonata - Excerpts; Arr; keyb; RiWV 40</marc:subfield>
			<marc:subfield code="w">1001069040</marc:subfield>
		</marc:datafield>
		<marc:datafield tag="774" ind1="1" ind2="8">
			<marc:subfield code="a">Anonymus - Presto - keyb</marc:subfield>
			<marc:subfield code="w">1001069041</marc:subfield>
		</marc:datafield>
		<marc:datafield tag="774" ind1="1" ind2="8">
			<marc:subfield code="a">Anonymus - Allegro - keyb</marc:subfield>
			<marc:subfield code="w">1001069042</marc:subfield>
		</marc:datafield>
		<marc:datafield tag="774" ind1="1" ind2="8">
			<marc:subfield code="a">Anonymus - Keyboard piece - keyb</marc:subfield>
			<marc:subfield code="w">1001069043</marc:subfield>
		</marc:datafield>
		<marc:datafield tag="774" ind1="1" ind2="8">
			<marc:subfield code="a">Anonymus - Keyboard piece - keyb</marc:subfield>
			<marc:subfield code="w">1001069044</marc:subfield>
		</marc:datafield>
		<marc:datafield tag="774" ind1="1" ind2="8">
			<marc:subfield code="a">Anonymus - Concerto - keyb</marc:subfield>
			<marc:subfield code="w">1001069045</marc:subfield>
		</marc:datafield>
		<marc:datafield tag="774" ind1="1" ind2="8">
			<marc:subfield code="a">Anonymus - Keyboard piece - keyb</marc:subfield>
			<marc:subfield code="w">1001069046</marc:subfield>
		</marc:datafield>
		<marc:datafield tag="774" ind1="1" ind2="8">
			<marc:subfield code="a">Anonymus - Keyboard piece - keyb</marc:subfield>
			<marc:subfield code="w">1001069047</marc:subfield>
		</marc:datafield>
		<marc:datafield tag="774" ind1="1" ind2="8">
			<marc:subfield code="a">Anonymus - Minuet - keyb</marc:subfield>
			<marc:subfield code="w">1001069048</marc:subfield>
		</marc:datafield>
		<marc:datafield tag="774" ind1="1" ind2="8">
			<marc:subfield code="a">Anonymus - Minuet - keyb</marc:subfield>
			<marc:subfield code="w">1001069052</marc:subfield>
		</marc:datafield>
		<marc:datafield tag="774" ind1="1" ind2="8">
			<marc:subfield code="a">Anonymus - Keyboard piece - keyb</marc:subfield>
			<marc:subfield code="w">1001069053</marc:subfield>
		</marc:datafield>
		<marc:datafield tag="774" ind1="1" ind2="8">
			<marc:subfield code="a">Anonymus - Kozachok - keyb</marc:subfield>
			<marc:subfield code="w">1001069054</marc:subfield>
		</marc:datafield>
		<marc:datafield tag="774" ind1="1" ind2="8">
			<marc:subfield code="a">Anonymus - Keyboard piece - keyb</marc:subfield>
			<marc:subfield code="w">1001069055</marc:subfield>
		</marc:datafield>
		<marc:datafield tag="774" ind1="1" ind2="8">
			<marc:subfield code="a">Anonymus - Concerto - keyb</marc:subfield>
			<marc:subfield code="w">1001069056</marc:subfield>
		</marc:datafield>
		<marc:datafield tag="774" ind1="1" ind2="8">
			<marc:subfield code="a">Anonymus - Keyboard piece - keyb</marc:subfield>
			<marc:subfield code="w">1001069057</marc:subfield>
		</marc:datafield>
		<marc:datafield tag="774" ind1="1" ind2="8">
			<marc:subfield code="a">Anonymus - Sonata - keyb</marc:subfield>
			<marc:subfield code="w">1001069058</marc:subfield>
		</marc:datafield>
		<marc:datafield tag="774" ind1="1" ind2="8">
			<marc:subfield code="a">Anonymus - Andante - keyb</marc:subfield>
			<marc:subfield code="w">1001069059</marc:subfield>
		</marc:datafield>
		<marc:datafield tag="774" ind1="1" ind2="8">
			<marc:subfield code="a">Anonymus - Keyboard piece - keyb</marc:subfield>
			<marc:subfield code="w">1001069060</marc:subfield>
		</marc:datafield>
		<marc:datafield tag="774" ind1="1" ind2="8">
			<marc:subfield code="a">Anonymus - Keyboard piece - keyb</marc:subfield>
			<marc:subfield code="w">1001069061</marc:subfield>
		</marc:datafield>
		<marc:datafield tag="774" ind1="1" ind2="8">
			<marc:subfield code="a">Anonymus - Adagio and Allegro - keyb</marc:subfield>
			<marc:subfield code="w">1001069062</marc:subfield>
		</marc:datafield>
		<marc:datafield tag="774" ind1="1" ind2="8">
			<marc:subfield code="a">Anonymus - Keyboard piece - keyb</marc:subfield>
			<marc:subfield code="w">1001069063</marc:subfield>
		</marc:datafield>
		<marc:datafield tag="774" ind1="1" ind2="8">
			<marc:subfield code="a">Anonymus - Keyboard piece - keyb</marc:subfield>
			<marc:subfield code="w">1001069064</marc:subfield>
		</marc:datafield>
		<marc:datafield tag="774" ind1="1" ind2="8">
			<marc:subfield code="a">Anonymus - Andante - keyb</marc:subfield>
			<marc:subfield code="w">1001069065</marc:subfield>
		</marc:datafield>
		<marc:datafield tag="774" ind1="1" ind2="8">
			<marc:subfield code="a">Anonymus - Arietta - keyb</marc:subfield>
			<marc:subfield code="w">1001069066</marc:subfield>
		</marc:datafield>
		<marc:datafield tag="774" ind1="1" ind2="8">
			<marc:subfield code="a">Anonymus - Concerto - keyb</marc:subfield>
			<marc:subfield code="w">1001069067</marc:subfield>
		</marc:datafield>
		<marc:datafield tag="774" ind1="1" ind2="8">
			<marc:subfield code="a">Anonymus - Keyboard piece - keyb</marc:subfield>
			<marc:subfield code="w">1001069068</marc:subfield>
		</marc:datafield>
		<marc:datafield tag="774" ind1="1" ind2="8">
			<marc:subfield code="a">Anonymus - Keyboard piece - keyb</marc:subfield>
			<marc:subfield code="w">1001069069</marc:subfield>
		</marc:datafield>
		<marc:datafield tag="774" ind1="1" ind2="8">
			<marc:subfield code="a">Anonymus - Keyboard piece - keyb</marc:subfield>
			<marc:subfield code="w">1001069070</marc:subfield>
		</marc:datafield>
		<marc:datafield tag="774" ind1="1" ind2="8">
			<marc:subfield code="a">Anonymus - Vivace - keyb</marc:subfield>
			<marc:subfield code="w">1001069071</marc:subfield>
		</marc:datafield>
		<marc:datafield tag="774" ind1="1" ind2="8">
			<marc:subfield code="a">Anonymus - Prelude - keyb</marc:subfield>
			<marc:subfield code="w">1001069072</marc:subfield>
		</marc:datafield>
		<marc:datafield tag="774" ind1="1" ind2="8">
			<marc:subfield code="a">Anonymus - Keyboard piece - keyb</marc:subfield>
			<marc:subfield code="w">1001069073</marc:subfield>
		</marc:datafield>
		<marc:datafield tag="774" ind1="1" ind2="8">
			<marc:subfield code="a">Anonymus - Divertimento - keyb</marc:subfield>
			<marc:subfield code="w">1001069074</marc:subfield>
		</marc:datafield>
		<marc:datafield tag="774" ind1="1" ind2="8">
			<marc:subfield code="a">Anonymus - Keyboard piece - keyb</marc:subfield>
			<marc:subfield code="w">1001069075</marc:subfield>
		</marc:datafield>
		<marc:datafield tag="774" ind1="1" ind2="8">
			<marc:subfield code="a">Anonymus - Fuga - keyb</marc:subfield>
			<marc:subfield code="w">1001069076</marc:subfield>
		</marc:datafield>
		<marc:datafield tag="774" ind1="1" ind2="8">
			<marc:subfield code="a">Riepel, Joseph - Sonata - Excerpts; Arr; keyb; RiWV 40</marc:subfield>
			<marc:subfield code="w">1001069077</marc:subfield>
		</marc:datafield>
		<marc:datafield tag="774" ind1="1" ind2="8">
			<marc:subfield code="a">Anonymus - Allegro - keyb</marc:subfield>
			<marc:subfield code="w">1001069078</marc:subfield>
		</marc:datafield>
		<marc:datafield tag="774" ind1="1" ind2="8">
			<marc:subfield code="a">Anonymus - Keyboard piece - keyb</marc:subfield>
			<marc:subfield code="w">1001069079</marc:subfield>
		</marc:datafield>
		<marc:datafield tag="774" ind1="1" ind2="8">
			<marc:subfield code="a">Hasse, Johann Adolf - Didone abbandonata - Excerpts; Arr; keyb</marc:subfield>
			<marc:subfield code="w">1001069081</marc:subfield>
		</marc:datafield>
		<marc:datafield tag="774" ind1="1" ind2="8">
			<marc:subfield code="a">Anonymus - March - keyb</marc:subfield>
			<marc:subfield code="w">1001069082</marc:subfield>
		</marc:datafield>
		<marc:datafield tag="774" ind1="1" ind2="8">
			<marc:subfield code="a">Anonymus - Concerto - keyb</marc:subfield>
			<marc:subfield code="w">1001069083</marc:subfield>
		</marc:datafield>
		<marc:datafield tag="774" ind1="1" ind2="8">
			<marc:subfield code="a">Anonymus - Keyboard piece - keyb</marc:subfield>
			<marc:subfield code="w">1001069084</marc:subfield>
		</marc:datafield>
		<marc:datafield tag="774" ind1="1" ind2="8">
			<marc:subfield code="a">Hasse, Johann Adolf - Presto - keyb</marc:subfield>
			<marc:subfield code="w">1001069085</marc:subfield>
		</marc:datafield>
		<marc:datafield tag="774" ind1="1" ind2="8">
			<marc:subfield code="a">Anonymus - Concerto - keyb</marc:subfield>
			<marc:subfield code="w">1001069089</marc:subfield>
		</marc:datafield>
		<marc:datafield tag="774" ind1="1" ind2="8">
			<marc:subfield code="a">Anonymus - Concerto - keyb</marc:subfield>
			<marc:subfield code="w">1001069090</marc:subfield>
		</marc:datafield>
		<marc:datafield tag="774" ind1="1" ind2="8">
			<marc:subfield code="a">Anonymus - Minuet - keyb</marc:subfield>
			<marc:subfield code="w">1001069091</marc:subfield>
		</marc:datafield>
		<marc:datafield tag="774" ind1="1" ind2="8">
			<marc:subfield code="a">Graun, Carl Heinrich - Keyboard piece - Arr; keyb; GraunWV C:XV:86</marc:subfield>
			<marc:subfield code="w">1001069092</marc:subfield>
		</marc:datafield>
		<marc:datafield tag="774" ind1="1" ind2="8">
			<marc:subfield code="a">Anonymus - Sarabande - keyb</marc:subfield>
			<marc:subfield code="w">1001069093</marc:subfield>
		</marc:datafield>
		<marc:datafield tag="774" ind1="1" ind2="8">
			<marc:subfield code="a">Anonymus - Keyboard piece - keyb</marc:subfield>
			<marc:subfield code="w">1001069094</marc:subfield>
		</marc:datafield>
		<marc:datafield tag="774" ind1="1" ind2="8">
			<marc:subfield code="a">Graun, Carl Heinrich - Concerto - Excerpts; Arr; keyb; GraunWV Bv:XIII:47</marc:subfield>
			<marc:subfield code="w">1001069095</marc:subfield>
		</marc:datafield>
		<marc:datafield tag="774" ind1="1" ind2="8">
			<marc:subfield code="a">Anonymus - Andante - keyb</marc:subfield>
			<marc:subfield code="w">1001069096</marc:subfield>
		</marc:datafield>
		<marc:datafield tag="774" ind1="1" ind2="8">
			<marc:subfield code="a">Anonymus - Andante - keyb</marc:subfield>
			<marc:subfield code="w">1001069097</marc:subfield>
		</marc:datafield>
		<marc:datafield tag="774" ind1="1" ind2="8">
			<marc:subfield code="a">Anonymus - Keyboard piece - keyb</marc:subfield>
			<marc:subfield code="w">1001069098</marc:subfield>
		</marc:datafield>
		<marc:datafield tag="774" ind1="1" ind2="8">
			<marc:subfield code="a">Hasse, Johann Adolf - Solimano - Excerpts; Arr; keyb</marc:subfield>
			<marc:subfield code="w">1001069099</marc:subfield>
		</marc:datafield>
		<marc:datafield tag="774" ind1="1" ind2="8">
			<marc:subfield code="a">Hasse, Johann Adolf - Cajo Fabricio - Excerpts; Arr; keyb</marc:subfield>
			<marc:subfield code="w">1001069105</marc:subfield>
		</marc:datafield>
		<marc:datafield tag="774" ind1="1" ind2="8">
			<marc:subfield code="a">Anonymus - Allegro - keyb</marc:subfield>
			<marc:subfield code="w">1001069106</marc:subfield>
		</marc:datafield>
		<marc:datafield tag="774" ind1="1" ind2="8">
			<marc:subfield code="a">Neruda, Johann Baptist Georg - Minuet - keyb</marc:subfield>
			<marc:subfield code="w">1001069107</marc:subfield>
		</marc:datafield>
		<marc:datafield tag="774" ind1="1" ind2="8">
			<marc:subfield code="a">Neruda, Johann Baptist Georg - Minuet - keyb</marc:subfield>
			<marc:subfield code="w">1001069108</marc:subfield>
		</marc:datafield>
		<marc:datafield tag="774" ind1="1" ind2="8">
			<marc:subfield code="a">Neruda, Johann Baptist Georg - Minuet - keyb</marc:subfield>
			<marc:subfield code="w">1001069109</marc:subfield>
		</marc:datafield>
		<marc:datafield tag="774" ind1="1" ind2="8">
			<marc:subfield code="a">Neruda, Johann Baptist Georg - Minuet - keyb</marc:subfield>
			<marc:subfield code="w">1001069110</marc:subfield>
		</marc:datafield>
		<marc:datafield tag="774" ind1="1" ind2="8">
			<marc:subfield code="a">Neruda, Johann Baptist Georg - Minuet - keyb</marc:subfield>
			<marc:subfield code="w">1001069112</marc:subfield>
		</marc:datafield>
		<marc:datafield tag="774" ind1="1" ind2="8">
			<marc:subfield code="a">Anonymus - Arioso - keyb</marc:subfield>
			<marc:subfield code="w">1001069113</marc:subfield>
		</marc:datafield>
		<marc:datafield tag="774" ind1="1" ind2="8">
			<marc:subfield code="a">Anonymus - Allegro - keyb</marc:subfield>
			<marc:subfield code="w">1001069114</marc:subfield>
		</marc:datafield>
		<marc:datafield tag="774" ind1="1" ind2="8">
			<marc:subfield code="a">Hasse, Johann Adolf - Solimano - Excerpts; Arr; keyb</marc:subfield>
			<marc:subfield code="w">1001069115</marc:subfield>
		</marc:datafield>
		<marc:datafield tag="774" ind1="1" ind2="8">
			<marc:subfield code="a">Anonymus - Keyboard piece - keyb</marc:subfield>
			<marc:subfield code="w">1001069116</marc:subfield>
		</marc:datafield>
		<marc:datafield tag="774" ind1="1" ind2="8">
			<marc:subfield code="a">Anonymus - Keyboard piece - keyb</marc:subfield>
			<marc:subfield code="w">1001069124</marc:subfield>
		</marc:datafield>
		<marc:datafield tag="774" ind1="1" ind2="8">
			<marc:subfield code="a">Anonymus - Keyboard piece - keyb</marc:subfield>
			<marc:subfield code="w">1001069125</marc:subfield>
		</marc:datafield>
		<marc:datafield tag="774" ind1="1" ind2="8">
			<marc:subfield code="a">Anonymus - Keyboard piece - keyb</marc:subfield>
			<marc:subfield code="w">1001069127</marc:subfield>
		</marc:datafield>
		<marc:datafield tag="774" ind1="1" ind2="8">
			<marc:subfield code="a">Anonymus - Keyboard piece - keyb</marc:subfield>
			<marc:subfield code="w">1001069128</marc:subfield>
		</marc:datafield>
		<marc:datafield tag="774" ind1="1" ind2="8">
			<marc:subfield code="a">Anonymus - Andante - keyb</marc:subfield>
			<marc:subfield code="w">1001069130</marc:subfield>
		</marc:datafield>
		<marc:datafield tag="774" ind1="1" ind2="8">
			<marc:subfield code="a">Anonymus - Andante - keyb</marc:subfield>
			<marc:subfield code="w">1001069131</marc:subfield>
		</marc:datafield>
		<marc:datafield tag="774" ind1="1" ind2="8">
			<marc:subfield code="a">Anonymus - Keyboard piece - keyb</marc:subfield>
			<marc:subfield code="w">1001069132</marc:subfield>
		</marc:datafield>
		<marc:datafield tag="774" ind1="1" ind2="8">
			<marc:subfield code="a">Anonymus - Keyboard piece - keyb</marc:subfield>
			<marc:subfield code="w">1001069133</marc:subfield>
		</marc:datafield>
		<marc:datafield tag="774" ind1="1" ind2="8">
			<marc:subfield code="a">Anonymus - Keyboard piece - keyb</marc:subfield>
			<marc:subfield code="w">1001069135</marc:subfield>
		</marc:datafield>
		<marc:datafield tag="774" ind1="1" ind2="8">
			<marc:subfield code="a">Anonymus - Lente - keyb</marc:subfield>
			<marc:subfield code="w">1001069139</marc:subfield>
		</marc:datafield>
		<marc:datafield tag="774" ind1="1" ind2="8">
			<marc:subfield code="a">Anonymus - Keyboard piece - keyb</marc:subfield>
			<marc:subfield code="w">1001069142</marc:subfield>
		</marc:datafield>
		<marc:datafield tag="774" ind1="1" ind2="8">
			<marc:subfield code="a">Anonymus - Fuga - keyb</marc:subfield>
			<marc:subfield code="w">1001069143</marc:subfield>
		</marc:datafield>
		<marc:datafield tag="774" ind1="1" ind2="8">
			<marc:subfield code="a">Anonymus - Allegro - keyb</marc:subfield>
			<marc:subfield code="w">1001069145</marc:subfield>
		</marc:datafield>
		<marc:datafield tag="774" ind1="1" ind2="8">
			<marc:subfield code="a">Anonymus - Allegro - keyb</marc:subfield>
			<marc:subfield code="w">1001069147</marc:subfield>
		</marc:datafield>
		<marc:datafield tag="774" ind1="1" ind2="8">
			<marc:subfield code="a">Anonymus - Minuet - keyb</marc:subfield>
			<marc:subfield code="w">1001069149</marc:subfield>
		</marc:datafield>
		<marc:datafield tag="774" ind1="1" ind2="8">
			<marc:subfield code="a">Anonymus - Pastorela - keyb</marc:subfield>
			<marc:subfield code="w">1001069152</marc:subfield>
		</marc:datafield>
		<marc:datafield tag="774" ind1="1" ind2="8">
			<marc:subfield code="a">Anonymus - Adagio - keyb</marc:subfield>
			<marc:subfield code="w">1001069187</marc:subfield>
		</marc:datafield>
		<marc:datafield tag="774" ind1="1" ind2="8">
			<marc:subfield code="a">Quantz, Johann Joachim - Sonata - Excerpts; Arr; keyb; QV 1:152</marc:subfield>
			<marc:subfield code="w">1001069188</marc:subfield>
		</marc:datafield>
		<marc:datafield tag="774" ind1="1" ind2="8">
			<marc:subfield code="a">Quantz, Johann Joachim - Sonata - Excerpts; Arr; keyb; QV 1:153</marc:subfield>
			<marc:subfield code="w">1001069198</marc:subfield>
		</marc:datafield>
		<marc:datafield tag="774" ind1="1" ind2="8">
			<marc:subfield code="a">Anonymus - Keyboard piece - keyb</marc:subfield>
			<marc:subfield code="w">1001069199</marc:subfield>
		</marc:datafield>
		<marc:datafield tag="774" ind1="1" ind2="8">
			<marc:subfield code="a">Anonymus - Keyboard piece - keyb</marc:subfield>
			<marc:subfield code="w">1001069226</marc:subfield>
		</marc:datafield>
		<marc:datafield tag="774" ind1="1" ind2="8">
			<marc:subfield code="a">Anonymus - Keyboard piece - keyb</marc:subfield>
			<marc:subfield code="w">1001069228</marc:subfield>
		</marc:datafield>
		<marc:datafield tag="774" ind1="1" ind2="8">
			<marc:subfield code="a">Anonymus - Keyboard piece - keyb</marc:subfield>
			<marc:subfield code="w">1001069231</marc:subfield>
		</marc:datafield>
		<marc:datafield tag="774" ind1="1" ind2="8">
			<marc:subfield code="a">Anonymus - Keyboard piece - keyb</marc:subfield>
			<marc:subfield code="w">1001069233</marc:subfield>
		</marc:datafield>
		<marc:datafield tag="774" ind1="1" ind2="8">
			<marc:subfield code="a">Anonymus - Keyboard piece - keyb</marc:subfield>
			<marc:subfield code="w">1001069371</marc:subfield>
		</marc:datafield>
		<marc:datafield tag="774" ind1="1" ind2="8">
			<marc:subfield code="a">Anonymus - Allegro - keyb</marc:subfield>
			<marc:subfield code="w">1001069372</marc:subfield>
		</marc:datafield>
		<marc:datafield tag="774" ind1="1" ind2="8">
			<marc:subfield code="a">Anonymus - Presto - keyb</marc:subfield>
			<marc:subfield code="w">1001069373</marc:subfield>
		</marc:datafield>
		<marc:datafield tag="774" ind1="1" ind2="8">
			<marc:subfield code="a">Schale, Christian Friedrich - Sonata - Excerpts; keyb</marc:subfield>
			<marc:subfield code="w">1001069374</marc:subfield>
		</marc:datafield>
		<marc:datafield tag="774" ind1="1" ind2="8">
			<marc:subfield code="a">Anonymus - Mass</marc:subfield>
			<marc:subfield code="w">1001094662</marc:subfield>
		</marc:datafield>
		<marc:datafield tag="774" ind1="1" ind2="8">
			<marc:subfield code="a">Anonymus - Mass</marc:subfield>
			<marc:subfield code="w">1001094665</marc:subfield>
		</marc:datafield>
		<marc:datafield tag="774" ind1="1" ind2="8">
			<marc:subfield code="a">Anonymus - Mass</marc:subfield>
			<marc:subfield code="w">1001094668</marc:subfield>
		</marc:datafield>
		<marc:datafield tag="774" ind1="1" ind2="8">
			<marc:subfield code="a">Anonymus - Mass</marc:subfield>
			<marc:subfield code="w">1001094700</marc:subfield>
		</marc:datafield>
		<marc:datafield tag="774" ind1="1" ind2="8">
			<marc:subfield code="a">Anonymus - Mass</marc:subfield>
			<marc:subfield code="w">1001094704</marc:subfield>
		</marc:datafield>
		<marc:datafield tag="774" ind1="1" ind2="8">
			<marc:subfield code="a">Anonymus - Mass</marc:subfield>
			<marc:subfield code="w">1001094711</marc:subfield>
		</marc:datafield>
		<marc:datafield tag="774" ind1="1" ind2="8">
			<marc:subfield code="a">Anonymus - Mass</marc:subfield>
			<marc:subfield code="w">1001094761</marc:subfield>
		</marc:datafield>
		<marc:datafield tag="774" ind1="1" ind2="8">
			<marc:subfield code="a">Anonymus - Patrem omnipotentem</marc:subfield>
			<marc:subfield code="w">1001094769</marc:subfield>
		</marc:datafield>
		<marc:datafield tag="774" ind1="1" ind2="8">
			<marc:subfield code="a">Anonymus - Missa</marc:subfield>
			<marc:subfield code="w">1001094776</marc:subfield>
		</marc:datafield>
		<marc:datafield tag="774" ind1="1" ind2="8">
			<marc:subfield code="a">Anonymus - Mass</marc:subfield>
			<marc:subfield code="w">1001094789</marc:subfield>
		</marc:datafield>
		<marc:datafield tag="774" ind1="1" ind2="8">
			<marc:subfield code="a">Anonymus - Magnificat</marc:subfield>
			<marc:subfield code="w">1001094796</marc:subfield>
		</marc:datafield>
		<marc:datafield tag="774" ind1="1" ind2="8">
			<marc:subfield code="a">Anonymus - Mass - V (2)</marc:subfield>
			<marc:subfield code="w">1001094803</marc:subfield>
		</marc:datafield>
		<marc:datafield tag="852" ind1=" " ind2=" ">
			<marc:subfield code="a">PL-SA</marc:subfield>
			<marc:subfield code="c">L 1668</marc:subfield>
			<marc:subfield code="e">Biblioteka Diecezjalna w Sandomierzu</marc:subfield>
			<marc:subfield code="x">30003584</marc:subfield>
		</marc:datafield>
		<marc:datafield tag="980" ind1=" " ind2=" ">
			<marc:subfield code="a">RISM</marc:subfield>
			<marc:subfield code="c">examined</marc:subfield>
		</marc:datafield>
	</marc:record>