

	<marc:record>
		<marc:leader>00000ndd a2200000 u 4500</marc:leader>
		<marc:controlfield tag="001">1001069040</marc:controlfield>
		<marc:controlfield tag="003">DE-633</marc:controlfield>
		<marc:datafield tag="031" ind1=" " ind2=" ">
			<marc:subfield code="a">1</marc:subfield>
			<marc:subfield code="b">1</marc:subfield>
			<marc:subfield code="c">1</marc:subfield>
			<marc:subfield code="g">C-1</marc:subfield>
			<marc:subfield code="m">keyb</marc:subfield>
			<marc:subfield code="n">bB</marc:subfield>
			<marc:subfield code="o">c</marc:subfield>
			<marc:subfield code="p">{8&#39;&#39;FCCC}{338.C&#39;nB&#39;&#39;C}{338.C&#39;nB&#39;&#39;C}/{8&#39;&#39;F&#39;BBB}{338.BAB}{338.BAB}/{6&#39;&#39;GFED}{8C&#39;B}{6AGFE}4-/</marc:subfield>
			<marc:subfield code="r">F</marc:subfield>
			<marc:subfield code="2">pe</marc:subfield>
		</marc:datafield>
		<marc:datafield tag="040" ind1=" " ind2=" ">
			<marc:subfield code="a">DE-633</marc:subfield>
			<marc:subfield code="b">eng</marc:subfield>
		</marc:datafield>
		<marc:datafield tag="100" ind1="1" ind2=" ">
			<marc:subfield code="a">Riepel, Joseph</marc:subfield>
			<marc:subfield code="d">1709-1782</marc:subfield>
			<marc:subfield code="j">Ascertained</marc:subfield>
			<marc:subfield code="0">30002692</marc:subfield>
		</marc:datafield>
		<marc:datafield tag="240" ind1="1" ind2="0">
			<marc:subfield code="a">Sonata</marc:subfield>
			<marc:subfield code="k">Excerpts</marc:subfield>
			<marc:subfield code="m">keyb</marc:subfield>
			<marc:subfield code="n">RiWV 40</marc:subfield>
			<marc:subfield code="o">Arr</marc:subfield>
			<marc:subfield code="r">F</marc:subfield>
			<marc:subfield code="0">3910757</marc:subfield>
		</marc:datafield>
		<marc:datafield tag="245" ind1="1" ind2="0">
			<marc:subfield code="a">[without title]</marc:subfield>
		</marc:datafield>
		<marc:datafield tag="300" ind1=" " ind2=" ">
			<marc:subfield code="a">1 part</marc:subfield>
			<marc:subfield code="8">01</marc:subfield>
		</marc:datafield>
		<marc:datafield tag="500" ind1=" " ind2=" ">
			<marc:subfield code="a">Composer identified on the basis of RISM ID 301000504 and 190022903.</marc:subfield>
		</marc:datafield>
		<marc:datafield tag="590" ind1=" " ind2=" ">
			<marc:subfield code="a">keyb</marc:subfield>
			<marc:subfield code="b">p. 92-93</marc:subfield>
			<marc:subfield code="8">01</marc:subfield>
		</marc:datafield>
		<marc:datafield tag="593" ind1=" " ind2=" ">
			<marc:subfield code="a">Manuscript copy</marc:subfield>
			<marc:subfield code="b">Notated music</marc:subfield>
			<marc:subfield code="8">01</marc:subfield>
		</marc:datafield>
		<marc:datafield tag="594" ind1=" " ind2=" ">
			<marc:subfield code="b">keyb</marc:subfield>
			<marc:subfield code="c">1</marc:subfield>
		</marc:datafield>
		<marc:datafield tag="594" ind1=" " ind2=" ">
			<marc:subfield code="a">keyb</marc:subfield>
		</marc:datafield>
		<marc:datafield tag="599" ind1=" " ind2=" ">
			<marc:subfield code="b">full</marc:subfield>
		</marc:datafield>
		<marc:datafield tag="650" ind1="0" ind2="7">
			<marc:subfield code="a">Keyboard music</marc:subfield>
			<marc:subfield code="0">3900079</marc:subfield>
		</marc:datafield>
		<marc:datafield tag="650" ind1="0" ind2="7">
			<marc:subfield code="a">Sonatas</marc:subfield>
			<marc:subfield code="0">25213</marc:subfield>
		</marc:datafield>
		<marc:datafield tag="690" ind1=" " ind2="7">
			<marc:subfield code="a">RiWV</marc:subfield>
			<marc:subfield code="n">40</marc:subfield>
			<marc:subfield code="0">482</marc:subfield>
		</marc:datafield>
		<marc:datafield tag="773" ind1="1" ind2="8">
			<marc:subfield code="a"> - Organist&#39;s Book</marc:subfield>
			<marc:subfield code="w">1001066772</marc:subfield>
		</marc:datafield>
		<marc:datafield tag="852" ind1=" " ind2=" ">
			<marc:subfield code="a">PL-SA</marc:subfield>
			<marc:subfield code="c">L 1668</marc:subfield>
			<marc:subfield code="e">Biblioteka Diecezjalna w Sandomierzu</marc:subfield>
			<marc:subfield code="x">30003584</marc:subfield>
		</marc:datafield>
		<marc:datafield tag="980" ind1=" " ind2=" ">
			<marc:subfield code="a">RISM</marc:subfield>
			<marc:subfield code="c">examined</marc:subfield>
		</marc:datafield>
	</marc:record>