

	<marc:record>
		<marc:leader>00000ndd a2200000 u 4500</marc:leader>
		<marc:controlfield tag="001">1001069065</marc:controlfield>
		<marc:controlfield tag="003">DE-633</marc:controlfield>
		<marc:datafield tag="031" ind1=" " ind2=" ">
			<marc:subfield code="a">1</marc:subfield>
			<marc:subfield code="b">1</marc:subfield>
			<marc:subfield code="c">1</marc:subfield>
			<marc:subfield code="g">C-1</marc:subfield>
			<marc:subfield code="m">keyb</marc:subfield>
			<marc:subfield code="o">c/</marc:subfield>
			<marc:subfield code="p">6-{GAB}/{&#39;&#39;C&#39;GAB}{8&#39;&#39;CE^C}{E^CE^C}6-&#39;{GB&#39;&#39;C}/{D&#39;GB&#39;&#39;C}{DE8F^D}{F^DE^C}6-{&#39;G&#39;&#39;CD}/{E&#39;B&#39;&#39;CD}{EF8G^E}{G^DF^D}6-{&#39;GB&#39;&#39;C}/</marc:subfield>
			<marc:subfield code="q">+</marc:subfield>
			<marc:subfield code="r">C</marc:subfield>
			<marc:subfield code="2">pe</marc:subfield>
		</marc:datafield>
		<marc:datafield tag="040" ind1=" " ind2=" ">
			<marc:subfield code="a">DE-633</marc:subfield>
			<marc:subfield code="b">eng</marc:subfield>
		</marc:datafield>
		<marc:datafield tag="100" ind1="1" ind2=" ">
			<marc:subfield code="a">Anonymus</marc:subfield>
			<marc:subfield code="0">30004985</marc:subfield>
		</marc:datafield>
		<marc:datafield tag="240" ind1="1" ind2="0">
			<marc:subfield code="a">Andante</marc:subfield>
			<marc:subfield code="m">keyb</marc:subfield>
			<marc:subfield code="r">C</marc:subfield>
			<marc:subfield code="0">3900879</marc:subfield>
		</marc:datafield>
		<marc:datafield tag="245" ind1="1" ind2="0">
			<marc:subfield code="a">[caption title:] A[n]dante</marc:subfield>
		</marc:datafield>
		<marc:datafield tag="300" ind1=" " ind2=" ">
			<marc:subfield code="a">1 part</marc:subfield>
			<marc:subfield code="8">01</marc:subfield>
		</marc:datafield>
		<marc:datafield tag="590" ind1=" " ind2=" ">
			<marc:subfield code="a">keyb</marc:subfield>
			<marc:subfield code="b">p. 109-110</marc:subfield>
			<marc:subfield code="8">01</marc:subfield>
		</marc:datafield>
		<marc:datafield tag="593" ind1=" " ind2=" ">
			<marc:subfield code="a">Manuscript copy</marc:subfield>
			<marc:subfield code="b">Notated music</marc:subfield>
			<marc:subfield code="8">01</marc:subfield>
		</marc:datafield>
		<marc:datafield tag="594" ind1=" " ind2=" ">
			<marc:subfield code="b">keyb</marc:subfield>
			<marc:subfield code="c">1</marc:subfield>
		</marc:datafield>
		<marc:datafield tag="594" ind1=" " ind2=" ">
			<marc:subfield code="a">keyb</marc:subfield>
		</marc:datafield>
		<marc:datafield tag="599" ind1=" " ind2=" ">
			<marc:subfield code="b">full</marc:subfield>
		</marc:datafield>
		<marc:datafield tag="650" ind1="0" ind2="7">
			<marc:subfield code="a">Keyboard music</marc:subfield>
			<marc:subfield code="0">3900079</marc:subfield>
		</marc:datafield>
		<marc:datafield tag="773" ind1="1" ind2="8">
			<marc:subfield code="a"> - Organist&#39;s Book</marc:subfield>
			<marc:subfield code="w">1001066772</marc:subfield>
		</marc:datafield>
		<marc:datafield tag="852" ind1=" " ind2=" ">
			<marc:subfield code="a">PL-SA</marc:subfield>
			<marc:subfield code="c">L 1668</marc:subfield>
			<marc:subfield code="e">Biblioteka Diecezjalna w Sandomierzu</marc:subfield>
			<marc:subfield code="x">30003584</marc:subfield>
		</marc:datafield>
		<marc:datafield tag="980" ind1=" " ind2=" ">
			<marc:subfield code="a">RISM</marc:subfield>
			<marc:subfield code="c">examined</marc:subfield>
		</marc:datafield>
	</marc:record>