

	<marc:record>
		<marc:leader>00000ndc a2200000 u 4500</marc:leader>
		<marc:controlfield tag="001">1001072049</marc:controlfield>
		<marc:controlfield tag="003">DE-633</marc:controlfield>
		<marc:datafield tag="040" ind1=" " ind2=" ">
			<marc:subfield code="a">DE-633</marc:subfield>
			<marc:subfield code="b">eng</marc:subfield>
		</marc:datafield>
		<marc:datafield tag="130" ind1="0" ind2=" ">
			<marc:subfield code="a">Organist&#39;s Book</marc:subfield>
			<marc:subfield code="m">S, org</marc:subfield>
			<marc:subfield code="0">5218434</marc:subfield>
		</marc:datafield>
		<marc:datafield tag="245" ind1="1" ind2="0">
			<marc:subfield code="a">[cover title, inner side of the front cover:] Xsiąszka do Churu do Grania | Lub do Sposobu Przegrywania tak Mszow | Jako y Ruznych Intonacyich tak Nieszpornych | Jako Himnow y Rocznych Przypadających odmian | które Pannie Kantorce Daie do Churu aby wiadomość | Miała, Onich które oby Co ich Zazywać będą westchnęły | Zamnie Niegodną Grzesnicę | JDygulska Z.R.S.R.S B. [A book for the choir to play and to accompany to masses and various intonations of vespers and hymns for various feasts, which I give to Maiden Cantoress for the choir so that she should know about them, and so that those who will use [this book] should sigh a prayer for me, unworthy sinner, JDygulska OSB]</marc:subfield>
		</marc:datafield>
		<marc:datafield tag="260" ind1=" " ind2=" ">
			<marc:subfield code="c">after 1753 - before 1796</marc:subfield>
			<marc:subfield code="8">01</marc:subfield>
		</marc:datafield>
		<marc:datafield tag="300" ind1=" " ind2=" ">
			<marc:subfield code="a">other</marc:subfield>
			<marc:subfield code="c">38 x 25 cm</marc:subfield>
			<marc:subfield code="8">01</marc:subfield>
		</marc:datafield>
		<marc:datafield tag="500" ind1=" " ind2=" ">
			<marc:subfield code="a">S and org (= bc) parts in one book.</marc:subfield>
			<marc:subfield code="8">01</marc:subfield>
		</marc:datafield>
		<marc:datafield tag="500" ind1=" " ind2=" ">
			<marc:subfield code="a">Book for organist containing S and org (= bc) parts for plainchant masses and other liturgical chants, also for figural masses and sacred songs.</marc:subfield>
		</marc:datafield>
		<marc:datafield tag="500" ind1=" " ind2=" ">
			<marc:subfield code="a">Original pagination. Plainchant written in whole notes.</marc:subfield>
		</marc:datafield>
		<marc:datafield tag="500" ind1=" " ind2=" ">
			<marc:subfield code="a">Inscription &quot;Za Duszę Swoją o Westchie | nie Proszę Jadwiga Dygulska | ZROSB&quot; [For my soul I beg for the sigh] at the bottom of the last page.</marc:subfield>
		</marc:datafield>
		<marc:datafield tag="505" ind1=" " ind2=" ">
			<marc:subfield code="a">P. 1-19 V (in C1 clef) and org (= bc) for plainchant masses (called &quot;Solenna&quot;, &quot;Apostolska&quot;, &quot;na Dominiki proste&quot;, &quot;Sobotnia Wotywa&quot;, &quot;Requialna&quot;, &quot;Farwańska&quot;, &quot;Kasinska&quot; [Kasyneńska]),  between p. 10 and 11 (Requiem mass) a  small card with S part of some &quot;Dies irae&quot;;  p.19-40 S and org(=bc) of figural masses (&quot;Wielkanocna figuralna&quot;, &quot;na notę o Gloriosa Domina&quot;, &quot;Awe [!] Stella Matutina&quot;, &quot;Gwiazdo Morza&quot;, &quot;Jesu Decus Angelorum&quot;, &quot;Na Boże Narodzenie na Rotuły&quot;, &quot;na puł noc Bożego Narodzenia&quot;, &quot;Canto Gregoryano&quot;); p. 40-43 requiem plainchant mass &quot;zniszego  tonu&quot; [from lower mode]; p. 43-47 org(=bc) part for plancts; p.48-49 S and org(=bc) for Marian latin and polish songs; p. 49-52 other latin songs, p. 53-56 hymns, verses and other latin gregorian chants; p. 55 S part of Magnificat for Christmas; p.  56 plainchant antiphonies; p. 56-57 org(=bc) part of figural Salve Regina; p. 57-58 org(=bc) for latin and polish songs for Corpus Christi; p. 58 Kyrie for different figural lithanies; p. 59 V of plainchant masses for Maundy Thursday and Holy Saturday; p. 60-67 S part of figural masses (Dominikańska, Lwowska, de Nativitate, de Nativitate 2nda ex G), between p. 66 and 67 an added card with &quot;Patrem Pastoralne&quot; (other paper and other handwritting); p. 68 table of contents.</marc:subfield>
		</marc:datafield>
		<marc:datafield tag="563" ind1=" " ind2=" ">
			<marc:subfield code="a">Cardboard cover with leather edges and a leather book spine. The front and back covers detached.</marc:subfield>
			<marc:subfield code="8">01</marc:subfield>
		</marc:datafield>
		<marc:datafield tag="590" ind1=" " ind2=" ">
			<marc:subfield code="a">S, org (= bc)</marc:subfield>
			<marc:subfield code="b">p. 1-68</marc:subfield>
			<marc:subfield code="8">01</marc:subfield>
		</marc:datafield>
		<marc:datafield tag="593" ind1=" " ind2=" ">
			<marc:subfield code="a">Manuscript copy</marc:subfield>
			<marc:subfield code="b">Notated music</marc:subfield>
			<marc:subfield code="8">01</marc:subfield>
		</marc:datafield>
		<marc:datafield tag="594" ind1=" " ind2=" ">
			<marc:subfield code="b">S</marc:subfield>
			<marc:subfield code="c">1</marc:subfield>
		</marc:datafield>
		<marc:datafield tag="594" ind1=" " ind2=" ">
			<marc:subfield code="b">org</marc:subfield>
			<marc:subfield code="c">1</marc:subfield>
		</marc:datafield>
		<marc:datafield tag="594" ind1=" " ind2=" ">
			<marc:subfield code="a">S, org</marc:subfield>
		</marc:datafield>
		<marc:datafield tag="599" ind1=" " ind2=" ">
			<marc:subfield code="b">full</marc:subfield>
		</marc:datafield>
		<marc:datafield tag="691" ind1=" " ind2="7">
			<marc:subfield code="a">Walter-MazurF 2014</marc:subfield>
			<marc:subfield code="n">p. 220-221</marc:subfield>
			<marc:subfield code="0">41001147</marc:subfield>
		</marc:datafield>
		<marc:datafield tag="700" ind1="1" ind2=" ">
			<marc:subfield code="a">Dygulska, Jadwiga</marc:subfield>
			<marc:subfield code="d">1722c-1796</marc:subfield>
			<marc:subfield code="j">Ascertained</marc:subfield>
			<marc:subfield code="0">41012126</marc:subfield>
			<marc:subfield code="4">scr</marc:subfield>
		</marc:datafield>
		<marc:datafield tag="710" ind1="2" ind2=" ">
			<marc:subfield code="a">Klasztor Benedyktynek w Sandomierzu</marc:subfield>
			<marc:subfield code="c">Sandomierz</marc:subfield>
			<marc:subfield code="g">Ascertained</marc:subfield>
			<marc:subfield code="0">51000713</marc:subfield>
			<marc:subfield code="4">fmo</marc:subfield>
		</marc:datafield>
		<marc:datafield tag="730" ind1="0" ind2=" ">
			<marc:subfield code="a">Book of Jadwiga Dygulska</marc:subfield>
			<marc:subfield code="g">RISM</marc:subfield>
			<marc:subfield code="0">5197886</marc:subfield>
		</marc:datafield>
		<marc:datafield tag="774" ind1="1" ind2="8">
			<marc:subfield code="a">Anonymus - Mass - S</marc:subfield>
			<marc:subfield code="w">1001094811</marc:subfield>
		</marc:datafield>
		<marc:datafield tag="774" ind1="1" ind2="8">
			<marc:subfield code="a">Anonymus - Chrystus zmartwychwstan jest</marc:subfield>
			<marc:subfield code="w">1001094812</marc:subfield>
		</marc:datafield>
		<marc:datafield tag="774" ind1="1" ind2="8">
			<marc:subfield code="a">Anonymus - Mass</marc:subfield>
			<marc:subfield code="w">1001094814</marc:subfield>
		</marc:datafield>
		<marc:datafield tag="774" ind1="1" ind2="8">
			<marc:subfield code="a">Anonymus - Mass</marc:subfield>
			<marc:subfield code="w">1001094818</marc:subfield>
		</marc:datafield>
		<marc:datafield tag="774" ind1="1" ind2="8">
			<marc:subfield code="a">Anonymus - Mass</marc:subfield>
			<marc:subfield code="w">1001094859</marc:subfield>
		</marc:datafield>
		<marc:datafield tag="774" ind1="1" ind2="8">
			<marc:subfield code="a">Anonymus - Mass</marc:subfield>
			<marc:subfield code="w">1001094860</marc:subfield>
		</marc:datafield>
		<marc:datafield tag="774" ind1="1" ind2="8">
			<marc:subfield code="a">Anonymus - Mass</marc:subfield>
			<marc:subfield code="w">1001094864</marc:subfield>
		</marc:datafield>
		<marc:datafield tag="774" ind1="1" ind2="8">
			<marc:subfield code="a">Anonymus - Patrem omnipotentem</marc:subfield>
			<marc:subfield code="w">1001094870</marc:subfield>
		</marc:datafield>
		<marc:datafield tag="774" ind1="1" ind2="8">
			<marc:subfield code="a">Anonymus - Mass</marc:subfield>
			<marc:subfield code="w">1001094874</marc:subfield>
		</marc:datafield>
		<marc:datafield tag="774" ind1="1" ind2="8">
			<marc:subfield code="a">Anonymus - Czemuś o złości</marc:subfield>
			<marc:subfield code="w">1001094883</marc:subfield>
		</marc:datafield>
		<marc:datafield tag="774" ind1="1" ind2="8">
			<marc:subfield code="a">Anonymus - Patrz grzeszniku</marc:subfield>
			<marc:subfield code="w">1001094889</marc:subfield>
		</marc:datafield>
		<marc:datafield tag="774" ind1="1" ind2="8">
			<marc:subfield code="a">Anonymus - Jużeś gotowy</marc:subfield>
			<marc:subfield code="w">1001094898</marc:subfield>
		</marc:datafield>
		<marc:datafield tag="774" ind1="1" ind2="8">
			<marc:subfield code="a">Anonymus - Płaczże dzisiaj duszo wszelka</marc:subfield>
			<marc:subfield code="w">1001094959</marc:subfield>
		</marc:datafield>
		<marc:datafield tag="774" ind1="1" ind2="8">
			<marc:subfield code="a">Anonymus - O widoku niesłychany</marc:subfield>
			<marc:subfield code="w">1001099659</marc:subfield>
		</marc:datafield>
		<marc:datafield tag="774" ind1="1" ind2="8">
			<marc:subfield code="a">Anonymus - Rusz się stworzenie</marc:subfield>
			<marc:subfield code="w">1001099660</marc:subfield>
		</marc:datafield>
		<marc:datafield tag="774" ind1="1" ind2="8">
			<marc:subfield code="a">Anonymus - Noc nastąpiła</marc:subfield>
			<marc:subfield code="w">1001099662</marc:subfield>
		</marc:datafield>
		<marc:datafield tag="774" ind1="1" ind2="8">
			<marc:subfield code="a">Anonymus - Noc nastąpiła</marc:subfield>
			<marc:subfield code="w">1001099664</marc:subfield>
		</marc:datafield>
		<marc:datafield tag="774" ind1="1" ind2="8">
			<marc:subfield code="a">Anonymus - Ach ja matka zasmucona</marc:subfield>
			<marc:subfield code="w">1001099665</marc:subfield>
		</marc:datafield>
		<marc:datafield tag="774" ind1="1" ind2="8">
			<marc:subfield code="a">Anonymus - Ach ja matka zasmucona</marc:subfield>
			<marc:subfield code="w">1001099668</marc:subfield>
		</marc:datafield>
		<marc:datafield tag="774" ind1="1" ind2="8">
			<marc:subfield code="a">Anonymus - O Jezu grzesznych zbawienie</marc:subfield>
			<marc:subfield code="w">1001099669</marc:subfield>
		</marc:datafield>
		<marc:datafield tag="774" ind1="1" ind2="8">
			<marc:subfield code="a">Anonymus - Gorzkie żale przybywajcie</marc:subfield>
			<marc:subfield code="w">1001099670</marc:subfield>
		</marc:datafield>
		<marc:datafield tag="774" ind1="1" ind2="8">
			<marc:subfield code="a">Anonymus - Ach ciężka żałość</marc:subfield>
			<marc:subfield code="w">1001099672</marc:subfield>
		</marc:datafield>
		<marc:datafield tag="774" ind1="1" ind2="8">
			<marc:subfield code="a">Anonymus - Gdy cię na krzyżu widzę</marc:subfield>
			<marc:subfield code="w">1001099673</marc:subfield>
		</marc:datafield>
		<marc:datafield tag="774" ind1="1" ind2="8">
			<marc:subfield code="a">Hermanowski, A. - Ach me serce</marc:subfield>
			<marc:subfield code="w">1001099674</marc:subfield>
		</marc:datafield>
		<marc:datafield tag="774" ind1="1" ind2="8">
			<marc:subfield code="a">Anonymus - Któż cię mój Jezu</marc:subfield>
			<marc:subfield code="w">1001099676</marc:subfield>
		</marc:datafield>
		<marc:datafield tag="774" ind1="1" ind2="8">
			<marc:subfield code="a">Anonymus - Krzyżu święty</marc:subfield>
			<marc:subfield code="w">1001099677</marc:subfield>
		</marc:datafield>
		<marc:datafield tag="774" ind1="1" ind2="8">
			<marc:subfield code="a">Anonymus - Krzyżu święty</marc:subfield>
			<marc:subfield code="w">1001099681</marc:subfield>
		</marc:datafield>
		<marc:datafield tag="774" ind1="1" ind2="8">
			<marc:subfield code="a">Anonymus - Qui passus est</marc:subfield>
			<marc:subfield code="w">1001099682</marc:subfield>
		</marc:datafield>
		<marc:datafield tag="774" ind1="1" ind2="8">
			<marc:subfield code="a">Anonymus - Rozmyślajmy dziś wierni chrześcijanie</marc:subfield>
			<marc:subfield code="w">1001099684</marc:subfield>
		</marc:datafield>
		<marc:datafield tag="774" ind1="1" ind2="8">
			<marc:subfield code="a">Anonymus - Ojcze Boże</marc:subfield>
			<marc:subfield code="w">1001099685</marc:subfield>
		</marc:datafield>
		<marc:datafield tag="774" ind1="1" ind2="8">
			<marc:subfield code="a">Anonymus - Stabat mater</marc:subfield>
			<marc:subfield code="w">1001099686</marc:subfield>
		</marc:datafield>
		<marc:datafield tag="774" ind1="1" ind2="8">
			<marc:subfield code="a">Anonymus - Jezu Chryste Panie miły</marc:subfield>
			<marc:subfield code="w">1001099687</marc:subfield>
		</marc:datafield>
		<marc:datafield tag="774" ind1="1" ind2="8">
			<marc:subfield code="a">Anonymus - Sancta Maria Caelorum Regina</marc:subfield>
			<marc:subfield code="w">1001099688</marc:subfield>
		</marc:datafield>
		<marc:datafield tag="774" ind1="1" ind2="8">
			<marc:subfield code="a">Anonymus - Tu thronus regius Maria</marc:subfield>
			<marc:subfield code="w">1001099707</marc:subfield>
		</marc:datafield>
		<marc:datafield tag="774" ind1="1" ind2="8">
			<marc:subfield code="a">Anonymus - Wesołe i wdzięczne zstąpcie z nieba pienia</marc:subfield>
			<marc:subfield code="w">1001099708</marc:subfield>
		</marc:datafield>
		<marc:datafield tag="774" ind1="1" ind2="8">
			<marc:subfield code="a">Anonymus - Insignis Mater praepotentis Dei</marc:subfield>
			<marc:subfield code="w">1001099713</marc:subfield>
		</marc:datafield>
		<marc:datafield tag="774" ind1="1" ind2="8">
			<marc:subfield code="a">Anonymus - A kiedy przyjdzie ostatnia godzina</marc:subfield>
			<marc:subfield code="w">1001099717</marc:subfield>
		</marc:datafield>
		<marc:datafield tag="774" ind1="1" ind2="8">
			<marc:subfield code="a">Anonymus - Pani nad ziemią Krolowa w niebie</marc:subfield>
			<marc:subfield code="w">1001099721</marc:subfield>
		</marc:datafield>
		<marc:datafield tag="774" ind1="1" ind2="8">
			<marc:subfield code="a">Anonymus - Maryja na niebie królujesz</marc:subfield>
			<marc:subfield code="w">1001099723</marc:subfield>
		</marc:datafield>
		<marc:datafield tag="774" ind1="1" ind2="8">
			<marc:subfield code="a">Anonymus - Zginąć nie mogę i nigdy nie zginę</marc:subfield>
			<marc:subfield code="w">1001099724</marc:subfield>
		</marc:datafield>
		<marc:datafield tag="774" ind1="1" ind2="8">
			<marc:subfield code="a">Anonymus - Jako róża między kolącym głogiem</marc:subfield>
			<marc:subfield code="w">1001099739</marc:subfield>
		</marc:datafield>
		<marc:datafield tag="774" ind1="1" ind2="8">
			<marc:subfield code="a">Anonymus - Dziecino niebieska niewinna</marc:subfield>
			<marc:subfield code="w">1001099740</marc:subfield>
		</marc:datafield>
		<marc:datafield tag="774" ind1="1" ind2="8">
			<marc:subfield code="a">Anonymus - Infinite bonitatis et immense Charitatis</marc:subfield>
			<marc:subfield code="w">1001099742</marc:subfield>
		</marc:datafield>
		<marc:datafield tag="774" ind1="1" ind2="8">
			<marc:subfield code="a">Anonymus - Tyś moje wesele o Jezu</marc:subfield>
			<marc:subfield code="w">1001099743</marc:subfield>
		</marc:datafield>
		<marc:datafield tag="774" ind1="1" ind2="8">
			<marc:subfield code="a">Anonymus - Amo te dulcis Jesu mi</marc:subfield>
			<marc:subfield code="w">1001099744</marc:subfield>
		</marc:datafield>
		<marc:datafield tag="774" ind1="1" ind2="8">
			<marc:subfield code="a">Anonymus - Dobry dzień o mój Jezu</marc:subfield>
			<marc:subfield code="w">1001099745</marc:subfield>
		</marc:datafield>
		<marc:datafield tag="774" ind1="1" ind2="8">
			<marc:subfield code="a">Anonymus - Długo się bawić będziesz</marc:subfield>
			<marc:subfield code="w">1001099746</marc:subfield>
		</marc:datafield>
		<marc:datafield tag="774" ind1="1" ind2="8">
			<marc:subfield code="a">Anonymus - Lauda Sion salvatorem</marc:subfield>
			<marc:subfield code="w">1001099747</marc:subfield>
		</marc:datafield>
		<marc:datafield tag="774" ind1="1" ind2="8">
			<marc:subfield code="a">Anonymus - Media vita in morte sumus</marc:subfield>
			<marc:subfield code="w">1001099748</marc:subfield>
		</marc:datafield>
		<marc:datafield tag="774" ind1="1" ind2="8">
			<marc:subfield code="a">Anonymus - Da pacem Domine</marc:subfield>
			<marc:subfield code="w">1001099749</marc:subfield>
		</marc:datafield>
		<marc:datafield tag="774" ind1="1" ind2="8">
			<marc:subfield code="a">Anonymus - Salve cordis gaudium</marc:subfield>
			<marc:subfield code="w">1001099768</marc:subfield>
		</marc:datafield>
		<marc:datafield tag="774" ind1="1" ind2="8">
			<marc:subfield code="a">Anonymus - Benedicam Dominum</marc:subfield>
			<marc:subfield code="w">1001099769</marc:subfield>
		</marc:datafield>
		<marc:datafield tag="774" ind1="1" ind2="8">
			<marc:subfield code="a">Anonymus - Rex virtutum gloriae</marc:subfield>
			<marc:subfield code="w">1001099770</marc:subfield>
		</marc:datafield>
		<marc:datafield tag="774" ind1="1" ind2="8">
			<marc:subfield code="a">Anonymus - Deduc me Domine</marc:subfield>
			<marc:subfield code="w">1001099771</marc:subfield>
		</marc:datafield>
		<marc:datafield tag="774" ind1="1" ind2="8">
			<marc:subfield code="a">Anonymus - Magnificat</marc:subfield>
			<marc:subfield code="w">1001099772</marc:subfield>
		</marc:datafield>
		<marc:datafield tag="774" ind1="1" ind2="8">
			<marc:subfield code="a">Anonymus - Salve regina</marc:subfield>
			<marc:subfield code="w">1001099805</marc:subfield>
		</marc:datafield>
		<marc:datafield tag="774" ind1="1" ind2="8">
			<marc:subfield code="a">Anonymus - Domine rex Deus Abraham</marc:subfield>
			<marc:subfield code="w">1001099807</marc:subfield>
		</marc:datafield>
		<marc:datafield tag="774" ind1="1" ind2="8">
			<marc:subfield code="a">Anonymus - Twoja cześć chwała</marc:subfield>
			<marc:subfield code="w">1001099809</marc:subfield>
		</marc:datafield>
		<marc:datafield tag="774" ind1="1" ind2="8">
			<marc:subfield code="a">Anonymus - Do Ciebie Panie pokornie wołamy</marc:subfield>
			<marc:subfield code="w">1001099815</marc:subfield>
		</marc:datafield>
		<marc:datafield tag="774" ind1="1" ind2="8">
			<marc:subfield code="a">Anonymus - Jesu dulcis memoria</marc:subfield>
			<marc:subfield code="w">1001099817</marc:subfield>
		</marc:datafield>
		<marc:datafield tag="774" ind1="1" ind2="8">
			<marc:subfield code="a">Anonymus - Rex Christe primogenite</marc:subfield>
			<marc:subfield code="w">1001099818</marc:subfield>
		</marc:datafield>
		<marc:datafield tag="774" ind1="1" ind2="8">
			<marc:subfield code="a">Anonymus - Litany - Fragments</marc:subfield>
			<marc:subfield code="w">1001099819</marc:subfield>
		</marc:datafield>
		<marc:datafield tag="774" ind1="1" ind2="8">
			<marc:subfield code="a">Anonymus - Litany - Fragments</marc:subfield>
			<marc:subfield code="w">1001099820</marc:subfield>
		</marc:datafield>
		<marc:datafield tag="774" ind1="1" ind2="8">
			<marc:subfield code="a">Anonymus - Litany - Fragments</marc:subfield>
			<marc:subfield code="w">1001099823</marc:subfield>
		</marc:datafield>
		<marc:datafield tag="774" ind1="1" ind2="8">
			<marc:subfield code="a">Anonymus - Litany - Fragments</marc:subfield>
			<marc:subfield code="w">1001100041</marc:subfield>
		</marc:datafield>
		<marc:datafield tag="774" ind1="1" ind2="8">
			<marc:subfield code="a">Anonymus - Litany - Fragments</marc:subfield>
			<marc:subfield code="w">1001100043</marc:subfield>
		</marc:datafield>
		<marc:datafield tag="774" ind1="1" ind2="8">
			<marc:subfield code="a">Anonymus - Mass - V (2)</marc:subfield>
			<marc:subfield code="w">1001100047</marc:subfield>
		</marc:datafield>
		<marc:datafield tag="774" ind1="1" ind2="8">
			<marc:subfield code="a">Anonymus - Mass</marc:subfield>
			<marc:subfield code="w">1001100056</marc:subfield>
		</marc:datafield>
		<marc:datafield tag="774" ind1="1" ind2="8">
			<marc:subfield code="a">Anonymus - Mass</marc:subfield>
			<marc:subfield code="w">1001100088</marc:subfield>
		</marc:datafield>
		<marc:datafield tag="774" ind1="1" ind2="8">
			<marc:subfield code="a">Anonymus - Patrem</marc:subfield>
			<marc:subfield code="w">1001100279</marc:subfield>
		</marc:datafield>
		<marc:datafield tag="774" ind1="1" ind2="8">
			<marc:subfield code="a">Anonymus - Mass - Fragments</marc:subfield>
			<marc:subfield code="w">1001100280</marc:subfield>
		</marc:datafield>
		<marc:datafield tag="774" ind1="1" ind2="8">
			<marc:subfield code="a">Anonymus - Qui passus est</marc:subfield>
			<marc:subfield code="w">1001216260</marc:subfield>
		</marc:datafield>
		<marc:datafield tag="774" ind1="1" ind2="8">
			<marc:subfield code="a">Anonymus - Qui passus est</marc:subfield>
			<marc:subfield code="w">1001216261</marc:subfield>
		</marc:datafield>
		<marc:datafield tag="774" ind1="1" ind2="8">
			<marc:subfield code="a">Anonymus - Ojcze Boże</marc:subfield>
			<marc:subfield code="w">1001216262</marc:subfield>
		</marc:datafield>
		<marc:datafield tag="774" ind1="1" ind2="8">
			<marc:subfield code="a">Anonymus - Stabat mater</marc:subfield>
			<marc:subfield code="w">1001216263</marc:subfield>
		</marc:datafield>
		<marc:datafield tag="774" ind1="1" ind2="8">
			<marc:subfield code="a">Anonymus - Jezu Chryste Panie miły</marc:subfield>
			<marc:subfield code="w">1001216264</marc:subfield>
		</marc:datafield>
		<marc:datafield tag="774" ind1="1" ind2="8">
			<marc:subfield code="a">Anonymus - Twoja cześć chwała</marc:subfield>
			<marc:subfield code="w">1001216266</marc:subfield>
		</marc:datafield>
		<marc:datafield tag="774" ind1="1" ind2="8">
			<marc:subfield code="a">Anonymus - Do Ciebie Panie pokornie wołamy</marc:subfield>
			<marc:subfield code="w">1001216268</marc:subfield>
		</marc:datafield>
		<marc:datafield tag="774" ind1="1" ind2="8">
			<marc:subfield code="a">Anonymus - Do Ciebie Panie pokornie wołamy</marc:subfield>
			<marc:subfield code="w">1001216269</marc:subfield>
		</marc:datafield>
		<marc:datafield tag="774" ind1="1" ind2="8">
			<marc:subfield code="a">Anonymus - Jesu dulcis memoria</marc:subfield>
			<marc:subfield code="w">1001216270</marc:subfield>
		</marc:datafield>
		<marc:datafield tag="774" ind1="1" ind2="8">
			<marc:subfield code="a">Anonymus - Rex Christe primogenite</marc:subfield>
			<marc:subfield code="w">1001216271</marc:subfield>
		</marc:datafield>
		<marc:datafield tag="774" ind1="1" ind2="8">
			<marc:subfield code="a">Anonymus - Rex Christe primogenite</marc:subfield>
			<marc:subfield code="w">1001216272</marc:subfield>
		</marc:datafield>
		<marc:datafield tag="774" ind1="1" ind2="8">
			<marc:subfield code="a">Anonymus - Rex Christe primogenite</marc:subfield>
			<marc:subfield code="w">1001216273</marc:subfield>
		</marc:datafield>
		<marc:datafield tag="852" ind1=" " ind2=" ">
			<marc:subfield code="a">PL-SA</marc:subfield>
			<marc:subfield code="c">L 1669</marc:subfield>
			<marc:subfield code="e">Biblioteka Diecezjalna w Sandomierzu</marc:subfield>
			<marc:subfield code="x">30003584</marc:subfield>
		</marc:datafield>
		<marc:datafield tag="980" ind1=" " ind2=" ">
			<marc:subfield code="a">RISM</marc:subfield>
			<marc:subfield code="c">examined</marc:subfield>
		</marc:datafield>
	</marc:record>