

	<marc:record>
		<marc:leader>00000ndd a2200000 u 4500</marc:leader>
		<marc:controlfield tag="001">1001100056</marc:controlfield>
		<marc:controlfield tag="003">DE-633</marc:controlfield>
		<marc:datafield tag="031" ind1=" " ind2=" ">
			<marc:subfield code="a">1</marc:subfield>
			<marc:subfield code="b">1</marc:subfield>
			<marc:subfield code="c">1</marc:subfield>
			<marc:subfield code="g">C-1</marc:subfield>
			<marc:subfield code="m">S</marc:subfield>
			<marc:subfield code="n">xFC</marc:subfield>
			<marc:subfield code="o">c/</marc:subfield>
			<marc:subfield code="p">2&#39;&#39;D&#39;D/{8FD}2.A/&#39;&#39;D4&#39;A/2.B4F/BAGF/2A&#39;&#39;C/</marc:subfield>
			<marc:subfield code="r">D</marc:subfield>
			<marc:subfield code="t">Kirie eleison</marc:subfield>
			<marc:subfield code="2">pe</marc:subfield>
		</marc:datafield>
		<marc:datafield tag="031" ind1=" " ind2=" ">
			<marc:subfield code="a">1</marc:subfield>
			<marc:subfield code="b">2</marc:subfield>
			<marc:subfield code="c">1</marc:subfield>
			<marc:subfield code="g">C-1</marc:subfield>
			<marc:subfield code="m">S</marc:subfield>
			<marc:subfield code="n">xFC</marc:subfield>
			<marc:subfield code="o">c</marc:subfield>
			<marc:subfield code="p">&#39;2D4DE/FEFD/2A4AB/&#39;&#39;C&#39;B&#39;&#39;C&#39;A/2&#39;&#39;D&#39;B/</marc:subfield>
			<marc:subfield code="r">D</marc:subfield>
			<marc:subfield code="t">Gratias agimus tibi propter magnam gloriam tuam</marc:subfield>
			<marc:subfield code="2">pe</marc:subfield>
		</marc:datafield>
		<marc:datafield tag="031" ind1=" " ind2=" ">
			<marc:subfield code="a">1</marc:subfield>
			<marc:subfield code="b">3</marc:subfield>
			<marc:subfield code="c">1</marc:subfield>
			<marc:subfield code="g">C-1</marc:subfield>
			<marc:subfield code="m">S</marc:subfield>
			<marc:subfield code="n">xFC</marc:subfield>
			<marc:subfield code="o">c/</marc:subfield>
			<marc:subfield code="p">2&#39;D4EF/GAB&#39;&#39;C/1D/2D4C&#39;B/2A4GF/</marc:subfield>
			<marc:subfield code="r">D</marc:subfield>
			<marc:subfield code="t">Patrem omnipotentem, factorem caeli et terrae</marc:subfield>
			<marc:subfield code="2">pe</marc:subfield>
		</marc:datafield>
		<marc:datafield tag="031" ind1=" " ind2=" ">
			<marc:subfield code="a">1</marc:subfield>
			<marc:subfield code="b">4</marc:subfield>
			<marc:subfield code="c">1</marc:subfield>
			<marc:subfield code="g">C-1</marc:subfield>
			<marc:subfield code="m">S</marc:subfield>
			<marc:subfield code="n">xFC</marc:subfield>
			<marc:subfield code="o">c/</marc:subfield>
			<marc:subfield code="p">&#39;&#39;4DCD&#39;A/FGAF&#39;/&#39;DEFD/AB&#39;&#39;C&#39;A/2&#39;&#39;D&#39;A/</marc:subfield>
			<marc:subfield code="r">D</marc:subfield>
			<marc:subfield code="t">Sanctus</marc:subfield>
			<marc:subfield code="2">pe</marc:subfield>
		</marc:datafield>
		<marc:datafield tag="031" ind1=" " ind2=" ">
			<marc:subfield code="a">1</marc:subfield>
			<marc:subfield code="b">5</marc:subfield>
			<marc:subfield code="c">1</marc:subfield>
			<marc:subfield code="g">C-1</marc:subfield>
			<marc:subfield code="m">S</marc:subfield>
			<marc:subfield code="n">xFC</marc:subfield>
			<marc:subfield code="o">c/</marc:subfield>
			<marc:subfield code="p">1A/2B4BA/2G4GF/GEAG/1F/</marc:subfield>
			<marc:subfield code="r">D</marc:subfield>
			<marc:subfield code="t">Agnus Dei, qui tollis peccata mundi miserere nobis</marc:subfield>
			<marc:subfield code="2">pe</marc:subfield>
		</marc:datafield>
		<marc:datafield tag="040" ind1=" " ind2=" ">
			<marc:subfield code="a">DE-633</marc:subfield>
			<marc:subfield code="b">eng</marc:subfield>
		</marc:datafield>
		<marc:datafield tag="041" ind1="0" ind2=" ">
			<marc:subfield code="a">lat</marc:subfield>
		</marc:datafield>
		<marc:datafield tag="100" ind1="1" ind2=" ">
			<marc:subfield code="a">Anonymus</marc:subfield>
			<marc:subfield code="0">30004985</marc:subfield>
		</marc:datafield>
		<marc:datafield tag="240" ind1="1" ind2="0">
			<marc:subfield code="a">Mass</marc:subfield>
			<marc:subfield code="r">D</marc:subfield>
			<marc:subfield code="0">50274941</marc:subfield>
		</marc:datafield>
		<marc:datafield tag="245" ind1="1" ind2="0">
			<marc:subfield code="a">[caption title:] Msza Lwowska [Lviv mass; crossed out] | Ex D.</marc:subfield>
		</marc:datafield>
		<marc:datafield tag="300" ind1=" " ind2=" ">
			<marc:subfield code="a">1 part</marc:subfield>
			<marc:subfield code="8">01</marc:subfield>
		</marc:datafield>
		<marc:datafield tag="500" ind1=" " ind2=" ">
			<marc:subfield code="a">Concordances to RISM ID 1001067405 (PL-SA 100/A II 40; C Major), 1001035615 (PL-SA 170/A IV 20; C Major; for S, A, B) and 1001095226 (PL-SA L 1682[a]; D Major; fragments).</marc:subfield>
		</marc:datafield>
		<marc:datafield tag="500" ind1=" " ind2=" ">
			<marc:subfield code="a">Concordance to monodic pseudoplainchant mass written in manuscript RL 53 &quot;Cantionale Missarum&quot; of the Bernardines from Cracow (stored in Biblioteka Prowincji OO. Bernardynów w Krakowie).</marc:subfield>
		</marc:datafield>
		<marc:datafield tag="590" ind1=" " ind2=" ">
			<marc:subfield code="a">S</marc:subfield>
			<marc:subfield code="b">p. 63-65</marc:subfield>
			<marc:subfield code="8">01</marc:subfield>
		</marc:datafield>
		<marc:datafield tag="593" ind1=" " ind2=" ">
			<marc:subfield code="a">Manuscript copy</marc:subfield>
			<marc:subfield code="b">Notated music</marc:subfield>
			<marc:subfield code="8">01</marc:subfield>
		</marc:datafield>
		<marc:datafield tag="594" ind1=" " ind2=" ">
			<marc:subfield code="b">no indication</marc:subfield>
		</marc:datafield>
		<marc:datafield tag="594" ind1=" " ind2=" ">
			<marc:subfield code="a">no indication</marc:subfield>
		</marc:datafield>
		<marc:datafield tag="599" ind1=" " ind2=" ">
			<marc:subfield code="b">full</marc:subfield>
		</marc:datafield>
		<marc:datafield tag="650" ind1="0" ind2="7">
			<marc:subfield code="a">Masses</marc:subfield>
			<marc:subfield code="0">25133</marc:subfield>
		</marc:datafield>
		<marc:datafield tag="773" ind1="1" ind2="8">
			<marc:subfield code="a"> - Organist&#39;s Book - S, org</marc:subfield>
			<marc:subfield code="w">1001072049</marc:subfield>
		</marc:datafield>
		<marc:datafield tag="852" ind1=" " ind2=" ">
			<marc:subfield code="a">PL-SA</marc:subfield>
			<marc:subfield code="c">L 1669</marc:subfield>
			<marc:subfield code="e">Biblioteka Diecezjalna w Sandomierzu</marc:subfield>
			<marc:subfield code="x">30003584</marc:subfield>
		</marc:datafield>
		<marc:datafield tag="980" ind1=" " ind2=" ">
			<marc:subfield code="a">RISM</marc:subfield>
			<marc:subfield code="c">examined</marc:subfield>
		</marc:datafield>
	</marc:record>