

	<marc:record>
		<marc:leader>00000ndc a2200000 u 4500</marc:leader>
		<marc:controlfield tag="001">1001067403</marc:controlfield>
		<marc:controlfield tag="003">DE-633</marc:controlfield>
		<marc:datafield tag="040" ind1=" " ind2=" ">
			<marc:subfield code="a">DE-633</marc:subfield>
			<marc:subfield code="b">eng</marc:subfield>
		</marc:datafield>
		<marc:datafield tag="130" ind1="0" ind2=" ">
			<marc:subfield code="a">4 Keyboard pieces</marc:subfield>
			<marc:subfield code="m">keyb</marc:subfield>
			<marc:subfield code="0">3913098</marc:subfield>
		</marc:datafield>
		<marc:datafield tag="245" ind1="1" ind2="0">
			<marc:subfield code="a">[cover title:] Hymny | Kościelne napisane | dla | Wielebney P.: Anny Mayewskiey. | Reguly S. O. Benedykta | przez | Jana Bogunskiego | organiste [!] Katedry Sando. | dnia 15. Czerwca 1822 [Church hymns written for the reverend lady Anna Majewska, Benedictine, by Jan Boguński, the organist of the cathedral in Sandomierz, on 15th June, 1822]</marc:subfield>
		</marc:datafield>
		<marc:datafield tag="260" ind1=" " ind2=" ">
			<marc:subfield code="c">1822-06-15</marc:subfield>
			<marc:subfield code="8">01</marc:subfield>
		</marc:datafield>
		<marc:datafield tag="300" ind1=" " ind2=" ">
			<marc:subfield code="a">1 part</marc:subfield>
			<marc:subfield code="c">24,5 x 20,5 cm</marc:subfield>
			<marc:subfield code="8">01</marc:subfield>
		</marc:datafield>
		<marc:datafield tag="500" ind1=" " ind2=" ">
			<marc:subfield code="a">Original cardboard binding.</marc:subfield>
			<marc:subfield code="8">01</marc:subfield>
		</marc:datafield>
		<marc:datafield tag="505" ind1=" " ind2=" ">
			<marc:subfield code="a">Keyboard accompaniments for hymns &quot;O salutaris Hostia&quot;, &quot;Jesu dulcis memoria&quot;, &quot;Rex Christe factor omnium&quot; and others on p. 1-15.</marc:subfield>
		</marc:datafield>
		<marc:datafield tag="590" ind1=" " ind2=" ">
			<marc:subfield code="a">keyb</marc:subfield>
			<marc:subfield code="b">p. 16-20</marc:subfield>
			<marc:subfield code="8">01</marc:subfield>
		</marc:datafield>
		<marc:datafield tag="593" ind1=" " ind2=" ">
			<marc:subfield code="a">Manuscript copy</marc:subfield>
			<marc:subfield code="b">Notated music</marc:subfield>
			<marc:subfield code="8">01</marc:subfield>
		</marc:datafield>
		<marc:datafield tag="594" ind1=" " ind2=" ">
			<marc:subfield code="b">keyb</marc:subfield>
			<marc:subfield code="c">1</marc:subfield>
		</marc:datafield>
		<marc:datafield tag="594" ind1=" " ind2=" ">
			<marc:subfield code="a">keyb</marc:subfield>
		</marc:datafield>
		<marc:datafield tag="599" ind1=" " ind2=" ">
			<marc:subfield code="b">full</marc:subfield>
		</marc:datafield>
		<marc:datafield tag="691" ind1=" " ind2="7">
			<marc:subfield code="a">ŚwierczekK 1965</marc:subfield>
			<marc:subfield code="n">p. 226</marc:subfield>
			<marc:subfield code="0">1891</marc:subfield>
		</marc:datafield>
		<marc:datafield tag="691" ind1=" " ind2="7">
			<marc:subfield code="a">KonopkaS 2005</marc:subfield>
			<marc:subfield code="n">p. 258</marc:subfield>
			<marc:subfield code="0">30025836</marc:subfield>
		</marc:datafield>
		<marc:datafield tag="700" ind1="1" ind2=" ">
			<marc:subfield code="a">Boguński, Jan</marc:subfield>
			<marc:subfield code="d">19.sc</marc:subfield>
			<marc:subfield code="j">Ascertained</marc:subfield>
			<marc:subfield code="0">41011641</marc:subfield>
			<marc:subfield code="4">scr</marc:subfield>
		</marc:datafield>
		<marc:datafield tag="710" ind1="2" ind2=" ">
			<marc:subfield code="a">Klasztor Benedyktynek w Sandomierzu</marc:subfield>
			<marc:subfield code="c">Sandomierz</marc:subfield>
			<marc:subfield code="g">Ascertained</marc:subfield>
			<marc:subfield code="0">51000713</marc:subfield>
			<marc:subfield code="4">fmo</marc:subfield>
		</marc:datafield>
		<marc:datafield tag="774" ind1="1" ind2="8">
			<marc:subfield code="a">Anonymus - Waltz - keyb</marc:subfield>
			<marc:subfield code="w">1001067406</marc:subfield>
		</marc:datafield>
		<marc:datafield tag="774" ind1="1" ind2="8">
			<marc:subfield code="a">Anonymus - Andante - keyb</marc:subfield>
			<marc:subfield code="w">1001067408</marc:subfield>
		</marc:datafield>
		<marc:datafield tag="774" ind1="1" ind2="8">
			<marc:subfield code="a">Anonymus - Rondos - keyb</marc:subfield>
			<marc:subfield code="w">1001067410</marc:subfield>
		</marc:datafield>
		<marc:datafield tag="774" ind1="1" ind2="8">
			<marc:subfield code="a">Anonymus - Presto - keyb</marc:subfield>
			<marc:subfield code="w">1001067411</marc:subfield>
		</marc:datafield>
		<marc:datafield tag="852" ind1=" " ind2=" ">
			<marc:subfield code="a">PL-SA</marc:subfield>
			<marc:subfield code="c">L 1681</marc:subfield>
			<marc:subfield code="e">Biblioteka Diecezjalna w Sandomierzu</marc:subfield>
			<marc:subfield code="x">30003584</marc:subfield>
		</marc:datafield>
		<marc:datafield tag="980" ind1=" " ind2=" ">
			<marc:subfield code="a">RISM</marc:subfield>
			<marc:subfield code="c">examined</marc:subfield>
		</marc:datafield>
	</marc:record>