

	<marc:record>
		<marc:leader>00000ndd a2200000 u 4500</marc:leader>
		<marc:controlfield tag="001">1001067406</marc:controlfield>
		<marc:controlfield tag="003">DE-633</marc:controlfield>
		<marc:datafield tag="031" ind1=" " ind2=" ">
			<marc:subfield code="a">1</marc:subfield>
			<marc:subfield code="b">1</marc:subfield>
			<marc:subfield code="c">1</marc:subfield>
			<marc:subfield code="g">G-2</marc:subfield>
			<marc:subfield code="m">keyb</marc:subfield>
			<marc:subfield code="o">3/8</marc:subfield>
			<marc:subfield code="p">&#39;&#39;8qxF&#39;&#39;8{G6AGxFG}/8&#39;&#39;&#39;C&#39;&#39;4G/8qxD{8E6FExDE}/8G4E/&#39;q8B{&#39;&#39;C6DC&#39;B&#39;&#39;C}/8E4C/</marc:subfield>
			<marc:subfield code="r">C</marc:subfield>
			<marc:subfield code="2">pe</marc:subfield>
		</marc:datafield>
		<marc:datafield tag="040" ind1=" " ind2=" ">
			<marc:subfield code="a">DE-633</marc:subfield>
			<marc:subfield code="b">eng</marc:subfield>
		</marc:datafield>
		<marc:datafield tag="100" ind1="1" ind2=" ">
			<marc:subfield code="a">Anonymus</marc:subfield>
			<marc:subfield code="0">30004985</marc:subfield>
		</marc:datafield>
		<marc:datafield tag="240" ind1="1" ind2="0">
			<marc:subfield code="a">Waltz</marc:subfield>
			<marc:subfield code="m">keyb</marc:subfield>
			<marc:subfield code="r">C</marc:subfield>
			<marc:subfield code="0">3966237</marc:subfield>
		</marc:datafield>
		<marc:datafield tag="245" ind1="1" ind2="0">
			<marc:subfield code="a">[caption title:] Valc</marc:subfield>
		</marc:datafield>
		<marc:datafield tag="300" ind1=" " ind2=" ">
			<marc:subfield code="a">1 part</marc:subfield>
			<marc:subfield code="8">01</marc:subfield>
		</marc:datafield>
		<marc:datafield tag="500" ind1=" " ind2=" ">
			<marc:subfield code="a">Fragment of another piece below the part by another copyist (right hand part only).</marc:subfield>
		</marc:datafield>
		<marc:datafield tag="590" ind1=" " ind2=" ">
			<marc:subfield code="a">keyb</marc:subfield>
			<marc:subfield code="b">p. 16-17</marc:subfield>
			<marc:subfield code="8">01</marc:subfield>
		</marc:datafield>
		<marc:datafield tag="593" ind1=" " ind2=" ">
			<marc:subfield code="a">Manuscript copy</marc:subfield>
			<marc:subfield code="b">Notated music</marc:subfield>
			<marc:subfield code="8">01</marc:subfield>
		</marc:datafield>
		<marc:datafield tag="594" ind1=" " ind2=" ">
			<marc:subfield code="b">keyb</marc:subfield>
			<marc:subfield code="c">1</marc:subfield>
		</marc:datafield>
		<marc:datafield tag="594" ind1=" " ind2=" ">
			<marc:subfield code="a">keyb</marc:subfield>
		</marc:datafield>
		<marc:datafield tag="599" ind1=" " ind2=" ">
			<marc:subfield code="b">full</marc:subfield>
		</marc:datafield>
		<marc:datafield tag="650" ind1="0" ind2="7">
			<marc:subfield code="a">Keyboard music</marc:subfield>
			<marc:subfield code="0">3900079</marc:subfield>
		</marc:datafield>
		<marc:datafield tag="650" ind1="0" ind2="7">
			<marc:subfield code="a">Waltzes</marc:subfield>
			<marc:subfield code="0">25220</marc:subfield>
		</marc:datafield>
		<marc:datafield tag="773" ind1="1" ind2="8">
			<marc:subfield code="a"> - 4 Keyboard pieces - keyb</marc:subfield>
			<marc:subfield code="w">1001067403</marc:subfield>
		</marc:datafield>
		<marc:datafield tag="852" ind1=" " ind2=" ">
			<marc:subfield code="a">PL-SA</marc:subfield>
			<marc:subfield code="c">L 1681</marc:subfield>
			<marc:subfield code="e">Biblioteka Diecezjalna w Sandomierzu</marc:subfield>
			<marc:subfield code="x">30003584</marc:subfield>
		</marc:datafield>
		<marc:datafield tag="980" ind1=" " ind2=" ">
			<marc:subfield code="a">RISM</marc:subfield>
			<marc:subfield code="c">examined</marc:subfield>
		</marc:datafield>
	</marc:record>