

	<marc:record>
		<marc:leader>00000ndc a2200000 u 4500</marc:leader>
		<marc:controlfield tag="001">1001091124</marc:controlfield>
		<marc:controlfield tag="003">DE-633</marc:controlfield>
		<marc:datafield tag="040" ind1=" " ind2=" ">
			<marc:subfield code="a">DE-633</marc:subfield>
			<marc:subfield code="b">eng</marc:subfield>
		</marc:datafield>
		<marc:datafield tag="130" ind1="0" ind2=" ">
			<marc:subfield code="a">35 Songs</marc:subfield>
			<marc:subfield code="m">V (1-4)</marc:subfield>
			<marc:subfield code="0">3928453</marc:subfield>
		</marc:datafield>
		<marc:datafield tag="245" ind1="1" ind2="0">
			<marc:subfield code="a">[without title]</marc:subfield>
		</marc:datafield>
		<marc:datafield tag="260" ind1=" " ind2=" ">
			<marc:subfield code="c">17/18 sc.</marc:subfield>
			<marc:subfield code="8">01</marc:subfield>
		</marc:datafield>
		<marc:datafield tag="300" ind1=" " ind2=" ">
			<marc:subfield code="a">other</marc:subfield>
			<marc:subfield code="c">16 x 21 cm</marc:subfield>
			<marc:subfield code="8">01</marc:subfield>
		</marc:datafield>
		<marc:datafield tag="500" ind1=" " ind2=" ">
			<marc:subfield code="a">Two pagination systhems in the manuscript. The original runs from page 37 to 219 for the older plainchant part, and then, omitting 7 folios with newer plainchant pieces, runs again form the page 2 to 127 for the cantional part, page 140 glued to the inner back cover. Newer pagination (given here in brackets) written with pencil, runs from page 1 to 363.</marc:subfield>
			<marc:subfield code="8">01</marc:subfield>
		</marc:datafield>
		<marc:datafield tag="500" ind1=" " ind2=" ">
			<marc:subfield code="a">Currently the number of cards is 180. Blank folios: 3-16, 41, 42, 169, 172-174. Original pagination shows certain losses: p. 1-36, 128-139. The blank folios with pagination (3)-(36) from different paper, presumably added later.</marc:subfield>
			<marc:subfield code="8">01</marc:subfield>
		</marc:datafield>
		<marc:datafield tag="500" ind1=" " ind2=" ">
			<marc:subfield code="a">Inscriptions: on the inner side of the front cover : &quot;Teodorek&quot;, p. (1): &quot;Radomiae Anno&quot;, p. 182: &quot;Conventus Radomiensis ita e[st?] Fr. Franciscus mp&quot;, p. 89 (324): &quot;Cancionale&quot;, p. (351)&quot; &quot;Ojcze gwardianie szczęść Ci miły Panie&quot; [Father guardian, be blessed by dear Lord].</marc:subfield>
		</marc:datafield>
		<marc:datafield tag="500" ind1=" " ind2=" ">
			<marc:subfield code="a">Melodies sometimes written without clefs or time signatures.</marc:subfield>
		</marc:datafield>
		<marc:datafield tag="505" ind1=" " ind2=" ">
			<marc:subfield code="a">P. 37-(234): liturgical gregorian chant for Lent, Holy Week and Easter and two four-part songs. P. 2 (235)-140(363): 162 songs, mostly for Christmass, most without notes, some with empty staves prepared for writing notes.</marc:subfield>
		</marc:datafield>
		<marc:datafield tag="563" ind1=" " ind2=" ">
			<marc:subfield code="a">Hard cover with dark-brown leather, slightly damaged by worms.</marc:subfield>
			<marc:subfield code="8">01</marc:subfield>
		</marc:datafield>
		<marc:datafield tag="590" ind1=" " ind2=" ">
			<marc:subfield code="a">V</marc:subfield>
			<marc:subfield code="b">p. 207 (208)-208 (209), 37(270)-52(287)</marc:subfield>
			<marc:subfield code="8">01</marc:subfield>
		</marc:datafield>
		<marc:datafield tag="593" ind1=" " ind2=" ">
			<marc:subfield code="a">Manuscript copy</marc:subfield>
			<marc:subfield code="b">Notated music</marc:subfield>
			<marc:subfield code="8">01</marc:subfield>
		</marc:datafield>
		<marc:datafield tag="594" ind1=" " ind2=" ">
			<marc:subfield code="b">V</marc:subfield>
			<marc:subfield code="c">1-4</marc:subfield>
		</marc:datafield>
		<marc:datafield tag="594" ind1=" " ind2=" ">
			<marc:subfield code="a">V</marc:subfield>
		</marc:datafield>
		<marc:datafield tag="599" ind1=" " ind2=" ">
			<marc:subfield code="b">full</marc:subfield>
		</marc:datafield>
		<marc:datafield tag="650" ind1="0" ind2="7">
			<marc:subfield code="a">Sacred songs</marc:subfield>
			<marc:subfield code="0">25250</marc:subfield>
		</marc:datafield>
		<marc:datafield tag="650" ind1="0" ind2="7">
			<marc:subfield code="a">Songs</marc:subfield>
			<marc:subfield code="0">25233</marc:subfield>
		</marc:datafield>
		<marc:datafield tag="691" ind1=" " ind2="7">
			<marc:subfield code="a">TrościńskiK 2013</marc:subfield>
			<marc:subfield code="n">p. 105-128</marc:subfield>
			<marc:subfield code="0">41002410</marc:subfield>
		</marc:datafield>
		<marc:datafield tag="774" ind1="1" ind2="8">
			<marc:subfield code="a">Anonymus - Sacris solemniis - V (4)</marc:subfield>
			<marc:subfield code="w">1001091169</marc:subfield>
		</marc:datafield>
		<marc:datafield tag="774" ind1="1" ind2="8">
			<marc:subfield code="a">Anonymus - Boże wieczny Boże żywy - V (1)</marc:subfield>
			<marc:subfield code="w">1001091406</marc:subfield>
		</marc:datafield>
		<marc:datafield tag="774" ind1="1" ind2="8">
			<marc:subfield code="a">Anonymus - Urząd zbawienia ludzkiego - V (1)</marc:subfield>
			<marc:subfield code="w">1001091411</marc:subfield>
		</marc:datafield>
		<marc:datafield tag="774" ind1="1" ind2="8">
			<marc:subfield code="a">Anonymus - Po upadku człowieka grzesznego - V (1)</marc:subfield>
			<marc:subfield code="w">1001091416</marc:subfield>
		</marc:datafield>
		<marc:datafield tag="774" ind1="1" ind2="8">
			<marc:subfield code="a">Anonymus - Gwiazdo morza głębokiego - V (1)</marc:subfield>
			<marc:subfield code="w">1001091422</marc:subfield>
		</marc:datafield>
		<marc:datafield tag="774" ind1="1" ind2="8">
			<marc:subfield code="a">Anonymus - Tobie nad pomysł - V (1)</marc:subfield>
			<marc:subfield code="w">1001091424</marc:subfield>
		</marc:datafield>
		<marc:datafield tag="774" ind1="1" ind2="8">
			<marc:subfield code="a">Anonymus - O Matko miłościwa - V (1)</marc:subfield>
			<marc:subfield code="w">1001091427</marc:subfield>
		</marc:datafield>
		<marc:datafield tag="774" ind1="1" ind2="8">
			<marc:subfield code="a">Anonymus - Nicolai solemnia sua prece familia - V (1)</marc:subfield>
			<marc:subfield code="w">1001091430</marc:subfield>
		</marc:datafield>
		<marc:datafield tag="774" ind1="1" ind2="8">
			<marc:subfield code="a">Anonymus - Omnium sanctorum - V (1)</marc:subfield>
			<marc:subfield code="w">1001091435</marc:subfield>
		</marc:datafield>
		<marc:datafield tag="774" ind1="1" ind2="8">
			<marc:subfield code="a">Anonymus - Martine sancte pontifex - V (1)</marc:subfield>
			<marc:subfield code="w">1001091441</marc:subfield>
		</marc:datafield>
		<marc:datafield tag="774" ind1="1" ind2="8">
			<marc:subfield code="a">Anonymus - Catharinae virginis laudes - V (1)</marc:subfield>
			<marc:subfield code="w">1001091442</marc:subfield>
		</marc:datafield>
		<marc:datafield tag="774" ind1="1" ind2="8">
			<marc:subfield code="a">Anonymus - Puer natus in Bethlehem unde gaudet Jerusalem - V (1)</marc:subfield>
			<marc:subfield code="w">1001091445</marc:subfield>
		</marc:datafield>
		<marc:datafield tag="774" ind1="1" ind2="8">
			<marc:subfield code="a">Anonymus - Salve parvule nate hodie - V (1)</marc:subfield>
			<marc:subfield code="w">1001091451</marc:subfield>
		</marc:datafield>
		<marc:datafield tag="774" ind1="1" ind2="8">
			<marc:subfield code="a">Anonymus - Salve Jesu parvule o dulcis infantule - V (1)</marc:subfield>
			<marc:subfield code="w">1001091455</marc:subfield>
		</marc:datafield>
		<marc:datafield tag="774" ind1="1" ind2="8">
			<marc:subfield code="a">Anonymus - Anuntio vobis - V (1)</marc:subfield>
			<marc:subfield code="w">1001091463</marc:subfield>
		</marc:datafield>
		<marc:datafield tag="774" ind1="1" ind2="8">
			<marc:subfield code="a">Anonymus - Już cię żegnamy - V (1)</marc:subfield>
			<marc:subfield code="w">1001091465</marc:subfield>
		</marc:datafield>
		<marc:datafield tag="774" ind1="1" ind2="8">
			<marc:subfield code="a">Anonymus - Każde stworzenie śpiewaj - V (1)</marc:subfield>
			<marc:subfield code="w">1001091468</marc:subfield>
		</marc:datafield>
		<marc:datafield tag="774" ind1="1" ind2="8">
			<marc:subfield code="a">Anonymus - Sacris solemniis juncta sint gaudia - V (1)</marc:subfield>
			<marc:subfield code="w">1001091473</marc:subfield>
		</marc:datafield>
		<marc:datafield tag="774" ind1="1" ind2="8">
			<marc:subfield code="a">Anonymus - O najchwalebniejsza Panno - V (1)</marc:subfield>
			<marc:subfield code="w">1001091480</marc:subfield>
		</marc:datafield>
		<marc:datafield tag="774" ind1="1" ind2="8">
			<marc:subfield code="a">Anonymus - Jako róża między kolącym głogiem - V (1)</marc:subfield>
			<marc:subfield code="w">1001091482</marc:subfield>
		</marc:datafield>
		<marc:datafield tag="774" ind1="1" ind2="8">
			<marc:subfield code="a">Anonymus - Bądźcie dusze nabożne - V (1)</marc:subfield>
			<marc:subfield code="w">1001091486</marc:subfield>
		</marc:datafield>
		<marc:datafield tag="774" ind1="1" ind2="8">
			<marc:subfield code="a">Anonymus - Pójdźmyż do jasłek nowych - V (1)</marc:subfield>
			<marc:subfield code="w">1001091489</marc:subfield>
		</marc:datafield>
		<marc:datafield tag="774" ind1="1" ind2="8">
			<marc:subfield code="a">Anonymus - Pastores reliquite vostros greges - V (1)</marc:subfield>
			<marc:subfield code="w">1001091499</marc:subfield>
		</marc:datafield>
		<marc:datafield tag="774" ind1="1" ind2="8">
			<marc:subfield code="a">Anonymus - Gwiazdo jasności, Panno czystości - V (1)</marc:subfield>
			<marc:subfield code="w">1001091505</marc:subfield>
		</marc:datafield>
		<marc:datafield tag="774" ind1="1" ind2="8">
			<marc:subfield code="a">Anonymus - Zapłacz stworzenie złośliwe - V (1)</marc:subfield>
			<marc:subfield code="w">1001091510</marc:subfield>
		</marc:datafield>
		<marc:datafield tag="774" ind1="1" ind2="8">
			<marc:subfield code="a">Anonymus - Surrexit Dominus valete luctus - V (1)</marc:subfield>
			<marc:subfield code="w">1001091514</marc:subfield>
		</marc:datafield>
		<marc:datafield tag="774" ind1="1" ind2="8">
			<marc:subfield code="a">Anonymus - O Jezu jakoś ciężko skatowany - V (1)</marc:subfield>
			<marc:subfield code="w">1001091527</marc:subfield>
		</marc:datafield>
		<marc:datafield tag="774" ind1="1" ind2="8">
			<marc:subfield code="a">Anonymus - Umarł Jezus - V (1)</marc:subfield>
			<marc:subfield code="w">1001091531</marc:subfield>
		</marc:datafield>
		<marc:datafield tag="774" ind1="1" ind2="8">
			<marc:subfield code="a">Anonymus - Z porady Trójcy Świętej - V (1)</marc:subfield>
			<marc:subfield code="w">1001091533</marc:subfield>
		</marc:datafield>
		<marc:datafield tag="774" ind1="1" ind2="8">
			<marc:subfield code="a">Anonymus - O Jesu dulcissime, o mitissme Jesu - V (1)</marc:subfield>
			<marc:subfield code="w">1001091563</marc:subfield>
		</marc:datafield>
		<marc:datafield tag="774" ind1="1" ind2="8">
			<marc:subfield code="a">Anonymus - Imperatrix Virgo gloriosa - V (1)</marc:subfield>
			<marc:subfield code="w">1001091570</marc:subfield>
		</marc:datafield>
		<marc:datafield tag="774" ind1="1" ind2="8">
			<marc:subfield code="a">Anonymus - Omni die dic Mariae - V (1)</marc:subfield>
			<marc:subfield code="w">1001091571</marc:subfield>
		</marc:datafield>
		<marc:datafield tag="774" ind1="1" ind2="8">
			<marc:subfield code="a">Gastoldi, Giovanni Giacomo - A lieta vita - Arr</marc:subfield>
			<marc:subfield code="w">1001091579</marc:subfield>
		</marc:datafield>
		<marc:datafield tag="774" ind1="1" ind2="8">
			<marc:subfield code="a">Anonymus - Królewnie wiecznej - V (1)</marc:subfield>
			<marc:subfield code="w">1001218571</marc:subfield>
		</marc:datafield>
		<marc:datafield tag="774" ind1="1" ind2="8">
			<marc:subfield code="a">Anonymus - Mater excelsis Genitoris Alma - V (4)</marc:subfield>
			<marc:subfield code="w">1001218580</marc:subfield>
		</marc:datafield>
		<marc:datafield tag="852" ind1=" " ind2=" ">
			<marc:subfield code="a">PL-SA</marc:subfield>
			<marc:subfield code="c">L 1684</marc:subfield>
			<marc:subfield code="e">Biblioteka Diecezjalna w Sandomierzu</marc:subfield>
			<marc:subfield code="x">30003584</marc:subfield>
		</marc:datafield>
		<marc:datafield tag="980" ind1=" " ind2=" ">
			<marc:subfield code="a">RISM</marc:subfield>
			<marc:subfield code="c">examined</marc:subfield>
		</marc:datafield>
	</marc:record>