

	<marc:record>
		<marc:leader>00000ndd a2200000 u 4500</marc:leader>
		<marc:controlfield tag="001">1001072172</marc:controlfield>
		<marc:controlfield tag="003">DE-633</marc:controlfield>
		<marc:datafield tag="031" ind1=" " ind2=" ">
			<marc:subfield code="a">1</marc:subfield>
			<marc:subfield code="b">1</marc:subfield>
			<marc:subfield code="c">1</marc:subfield>
			<marc:subfield code="g">G-2</marc:subfield>
			<marc:subfield code="m">pf</marc:subfield>
			<marc:subfield code="n">bBE</marc:subfield>
			<marc:subfield code="o">3/4</marc:subfield>
			<marc:subfield code="p">&#39;2F4G/2F4&#39;B/2B4A/2B//4F/2D4E/2F4B/</marc:subfield>
			<marc:subfield code="q">The text starts from 4th bar.</marc:subfield>
			<marc:subfield code="r">B|b</marc:subfield>
			<marc:subfield code="t">Na stopniach Twego upadamy tronu</marc:subfield>
			<marc:subfield code="2">pe</marc:subfield>
		</marc:datafield>
		<marc:datafield tag="031" ind1=" " ind2=" ">
			<marc:subfield code="a">1</marc:subfield>
			<marc:subfield code="b">2</marc:subfield>
			<marc:subfield code="c">1</marc:subfield>
			<marc:subfield code="d">Glorja [!]</marc:subfield>
			<marc:subfield code="g">G-2</marc:subfield>
			<marc:subfield code="m">pf</marc:subfield>
			<marc:subfield code="n">bB</marc:subfield>
			<marc:subfield code="o">2/4</marc:subfield>
			<marc:subfield code="p">&#39;&#39;4C8{&#39;A&#39;&#39;D}/4C{8&#39;BA}/4G8{&#39;&#39;C&#39;B}/{AG}4F/</marc:subfield>
			<marc:subfield code="r">F</marc:subfield>
			<marc:subfield code="t">Chwałę Pana wdzięcznem pieniem</marc:subfield>
			<marc:subfield code="2">pe</marc:subfield>
		</marc:datafield>
		<marc:datafield tag="031" ind1=" " ind2=" ">
			<marc:subfield code="a">1</marc:subfield>
			<marc:subfield code="b">3</marc:subfield>
			<marc:subfield code="c">1</marc:subfield>
			<marc:subfield code="d">Credo</marc:subfield>
			<marc:subfield code="g">G-2</marc:subfield>
			<marc:subfield code="m">pf</marc:subfield>
			<marc:subfield code="n">bB</marc:subfield>
			<marc:subfield code="o">4/4</marc:subfield>
			<marc:subfield code="p">&#39;2FG/A&#39;&#39;4C&#39;B/2AG/2.F//4A2&#39;&#39;C&#39;A/2G4FG/</marc:subfield>
			<marc:subfield code="q">The text starts from 4th bar.</marc:subfield>
			<marc:subfield code="r">B|b</marc:subfield>
			<marc:subfield code="t">Wierzemy w Boga jednego na wieki</marc:subfield>
			<marc:subfield code="2">pe</marc:subfield>
		</marc:datafield>
		<marc:datafield tag="031" ind1=" " ind2=" ">
			<marc:subfield code="a">1</marc:subfield>
			<marc:subfield code="b">4</marc:subfield>
			<marc:subfield code="c">1</marc:subfield>
			<marc:subfield code="d">Ofertorium</marc:subfield>
			<marc:subfield code="g">G-2</marc:subfield>
			<marc:subfield code="m">pf</marc:subfield>
			<marc:subfield code="o">2/4</marc:subfield>
			<marc:subfield code="p">4&#39;AF/E8{EA}?/4AxG/2A//4A{8GF}/4EA/{8&#39;&#39;C&#39;BAxG}/</marc:subfield>
			<marc:subfield code="q">The text starts from 5th bar.</marc:subfield>
			<marc:subfield code="r">C</marc:subfield>
			<marc:subfield code="t">Przyjmij Boże te ofiare którą za nas</marc:subfield>
			<marc:subfield code="2">pe</marc:subfield>
		</marc:datafield>
		<marc:datafield tag="031" ind1=" " ind2=" ">
			<marc:subfield code="a">1</marc:subfield>
			<marc:subfield code="b">5</marc:subfield>
			<marc:subfield code="c">1</marc:subfield>
			<marc:subfield code="d">Sanktus [!]</marc:subfield>
			<marc:subfield code="g">G-2</marc:subfield>
			<marc:subfield code="m">pf</marc:subfield>
			<marc:subfield code="n">bB</marc:subfield>
			<marc:subfield code="o">4/4</marc:subfield>
			<marc:subfield code="p">&#39;4AGFG/FEF//&#39;&#39;D/&#39;AGFG/2FE/</marc:subfield>
			<marc:subfield code="q">The text starts from 2nd bar.</marc:subfield>
			<marc:subfield code="r">F</marc:subfield>
			<marc:subfield code="t">Upadaj na kolana ludu czcią przejęty</marc:subfield>
			<marc:subfield code="2">pe</marc:subfield>
		</marc:datafield>
		<marc:datafield tag="031" ind1=" " ind2=" ">
			<marc:subfield code="a">1</marc:subfield>
			<marc:subfield code="b">6</marc:subfield>
			<marc:subfield code="c">1</marc:subfield>
			<marc:subfield code="d">Agnus, dej [!]</marc:subfield>
			<marc:subfield code="g">G-2</marc:subfield>
			<marc:subfield code="m">pf</marc:subfield>
			<marc:subfield code="n">bBE</marc:subfield>
			<marc:subfield code="o">4/4</marc:subfield>
			<marc:subfield code="p">8{GA}{B&#39;&#39;C}4D8{ED}/4&#39;&#39;C8{D&#39;B}2A/4-4B&#39;&#39;{8CC}4&#39;&#39;F/</marc:subfield>
			<marc:subfield code="r">B|b</marc:subfield>
			<marc:subfield code="t">Baranku Boży coś wyrwał od zguby</marc:subfield>
			<marc:subfield code="2">pe</marc:subfield>
		</marc:datafield>
		<marc:datafield tag="040" ind1=" " ind2=" ">
			<marc:subfield code="a">DE-633</marc:subfield>
			<marc:subfield code="b">eng</marc:subfield>
		</marc:datafield>
		<marc:datafield tag="041" ind1="0" ind2=" ">
			<marc:subfield code="a">pol</marc:subfield>
		</marc:datafield>
		<marc:datafield tag="100" ind1="1" ind2=" ">
			<marc:subfield code="a">Anonymus</marc:subfield>
			<marc:subfield code="0">30004985</marc:subfield>
		</marc:datafield>
		<marc:datafield tag="240" ind1="1" ind2="0">
			<marc:subfield code="a">Polish mass</marc:subfield>
			<marc:subfield code="m">pf</marc:subfield>
			<marc:subfield code="o">Arr</marc:subfield>
			<marc:subfield code="r">B|b</marc:subfield>
			<marc:subfield code="0">50334487</marc:subfield>
		</marc:datafield>
		<marc:datafield tag="245" ind1="1" ind2="0">
			<marc:subfield code="a">[caption title:] Msza Kirje [Mass Kyrie]</marc:subfield>
		</marc:datafield>
		<marc:datafield tag="300" ind1=" " ind2=" ">
			<marc:subfield code="a">1 part</marc:subfield>
			<marc:subfield code="8">01</marc:subfield>
		</marc:datafield>
		<marc:datafield tag="500" ind1=" " ind2=" ">
			<marc:subfield code="a">The text written between the staves.</marc:subfield>
		</marc:datafield>
		<marc:datafield tag="590" ind1=" " ind2=" ">
			<marc:subfield code="a">pf</marc:subfield>
			<marc:subfield code="b">p. 23-29</marc:subfield>
			<marc:subfield code="8">01</marc:subfield>
		</marc:datafield>
		<marc:datafield tag="593" ind1=" " ind2=" ">
			<marc:subfield code="a">Manuscript copy</marc:subfield>
			<marc:subfield code="b">Notated music</marc:subfield>
			<marc:subfield code="8">01</marc:subfield>
		</marc:datafield>
		<marc:datafield tag="594" ind1=" " ind2=" ">
			<marc:subfield code="b">pf</marc:subfield>
			<marc:subfield code="c">1</marc:subfield>
		</marc:datafield>
		<marc:datafield tag="594" ind1=" " ind2=" ">
			<marc:subfield code="a">pf</marc:subfield>
		</marc:datafield>
		<marc:datafield tag="599" ind1=" " ind2=" ">
			<marc:subfield code="b">full</marc:subfield>
		</marc:datafield>
		<marc:datafield tag="650" ind1="0" ind2="7">
			<marc:subfield code="a">Masses</marc:subfield>
			<marc:subfield code="0">25133</marc:subfield>
		</marc:datafield>
		<marc:datafield tag="650" ind1="0" ind2="7">
			<marc:subfield code="a">Sacred songs</marc:subfield>
			<marc:subfield code="0">25250</marc:subfield>
		</marc:datafield>
		<marc:datafield tag="650" ind1="0" ind2="7">
			<marc:subfield code="a">Keyboard pieces</marc:subfield>
			<marc:subfield code="0">3000134</marc:subfield>
		</marc:datafield>
		<marc:datafield tag="700" ind1="1" ind2=" ">
			<marc:subfield code="a">Feliński, Alojzy</marc:subfield>
			<marc:subfield code="j">Ascertained</marc:subfield>
			<marc:subfield code="0">30040536</marc:subfield>
			<marc:subfield code="4">lbt</marc:subfield>
		</marc:datafield>
		<marc:datafield tag="730" ind1="0" ind2=" ">
			<marc:subfield code="a">Na stopniach Twego upadamy tronu</marc:subfield>
			<marc:subfield code="g">RISM</marc:subfield>
			<marc:subfield code="0">3913863</marc:subfield>
		</marc:datafield>
		<marc:datafield tag="773" ind1="1" ind2="8">
			<marc:subfield code="a"> - 19 Pieces</marc:subfield>
			<marc:subfield code="w">1001072164</marc:subfield>
		</marc:datafield>
		<marc:datafield tag="852" ind1=" " ind2=" ">
			<marc:subfield code="a">PL-SA</marc:subfield>
			<marc:subfield code="c">M 1728</marc:subfield>
			<marc:subfield code="e">Biblioteka Diecezjalna w Sandomierzu</marc:subfield>
			<marc:subfield code="x">30003584</marc:subfield>
		</marc:datafield>
		<marc:datafield tag="980" ind1=" " ind2=" ">
			<marc:subfield code="a">RISM</marc:subfield>
			<marc:subfield code="c">examined</marc:subfield>
		</marc:datafield>
	</marc:record>